2408 3862
400 209 763 263 εκετκκκνκεκκοκ
1013 203 1078 270 269

568 376 630 440 955

218 480 300 574 μηδ’
320 479 486 571 εὐτύχημα
504 483 610 571 μηδὲν
628 473 688 552 ὧδ’
710 489 793 552 ἔστω
811 484 909 572 μίγα,

218 582 237 653 ὅ
254 581 288 653 σ’
308 588 460 674 ἐξεπαρεῖ
475 591 585 672 μεῖζον
603 579 623 670 ἢ
641 580 749 673 χρεών
766 599 917 673 φρονεῖν,

218 684 297 775 μηδ’
316 682 358 771 ἥν
374 712 405 753 τι
424 687 535 774 συμβῇ
554 686 721 773 δυσχερές,
741 687 864 753 δουλοῦ
881 680 1002 752 πόλιν·

220 782 289 854 ἀλλ’
309 780 407 864 αὑτὸς
425 781 477 855 ἀεὶ
495 792 595 872 μίμνε
611 781 674 870 τὴν
690 791 816 854 σαυτοῦ
834 783 939 873 φύσιν

219 884 285 979 om}
286 915 333 956 ων
353 881 541 972 βεβαίως
514 907 600 955 ωστε
617 884 744 1018 χρυσὸς
760 889 796 954 ἐν
815 891 907 974 πυρί,
1010 904 1027 953 ο

181 1003 252 1059 ΡΙοῑ.
273 1005 339 1059 Mor
358 1021 385 1096 p.
409 1001 467 1060 102
486 1002 520 1058 F:
546 999 605 1058 τῶν
629 995 684 1075 μὲν
708 1019 765 1075 γαρ
791 998 890 1069 καλῶς
915 993 1076 1093 λεγομένων

120 1080 239 1143 ἔστινέ
240 1106 257 1141 ν
277 1073 437 1157 ὑποθήκης
461 1080 543 1159 μέρει
568 1078 618 1140 καὶ
643 1082 729 1142 τοῦτο
754 1074 840 1158 μηδ’
868 1070 1017 1157 εὐτύχημα
1037 1114 1076 1125 -
1172 1138 1174 1142 .

119 1171 218 1242 πυρί’.
248 1170 385 1272 Euripidis
401 1187 461 1265 essp
475 1170 565 1226 locum
581 1170 660 1227 docet
675 1169 800 1228 Libanius
816 1170 900 1243 Epist.
916 1169 992 1226 471:
1009 1184 1075 1222 του

120 1272 170 1312 τον
185 1271 252 1311 ουτε
267 1243 385 1327 εὐτυχία
405 1244 524 1309 πώποτε
543 1247 651 1328 ἔπηρεν
666 1249 697 1310 ἐν
719 1248 858 1330 δυσκολίᾳ
872 1269 901 1308 τε
921 1268 977 1308 ουκ
993 1246 1078 1325 ἔπτη-

120 1337 168 1408 ξεν
186 1325 353 1414 Εὐριπίδου
368 1332 558 1412 μεμνημένος.

569 1483 631 1548 956

220 1589 310 1686 ὅστις
329 1588 362 1661 ‹i'
381 1588 511 1682 ἀνάγκη
529 1589 785 1679 συγκεχώρηκεν
802 1593 945 1679 βροτῶν,

223 1691 325 1782 σοφὸς
342 1689 418 1781 παρ’
437 1690 518 1781 ἡμῖν
535 1695 590 1760 καλ
607 1689 647 1761 τὰ
664 1689 733 1760 θεῖ’
756 1694 935 1761 ἐπίσταται.

184 1811 254 1866 Plut.
270 1810 335 1865 Mor.
351 1827 378 1883 p.
396 1809 502 1868 116F:
524 1827 575 1863 και
566 1793 785 1883 ὁΕυριπίδης
805 1794 1001 1875 ὅστιςδ’-
1019 1800 1080 1862 ἐτι-ί

123 1895 249 1949 οταταιῆ
280 1892 389 1949 eosdem
413 1909 507 1949 versus
527 1892 608 1949 habet
628 1892 744 1984 Epictet.
765 1891 873 1947 Fnehlr.
891 1890 948 1963 52,
970 1908 1025 1965 quo
1048 1892 1080 1947 de

124 1978 184 2034 loco
200 1974 353 2070 Simplipius
368 1975 420 2032 vol.
436 1974 497 2050 4p.
514 1974 590 2034 523:
611 1963 643 2030 τὸ
665 1966 803 2059 δευτερον
824 1969 855 2030 δὲ
870 1969 931 2031 ἔστι
951 1968 1005 2048 μὲν
1020 1962 1079 2029 Fa}-

123 2055 242 2136 ριπίδου
257 2056 309 2116 τοῦ
323 2056 474 2134 τραγικοῦ.

574 2170 634 2234 957

224 2309 242 2349 ο
232 2275 333 2367 βίος
351 2307 413 2367 γαρ
432 2273 512 2367 ὄνομ
512 2276 606 2406 ’ἔχει
623 2275 724 2356 πόνος
741 2273 847 2363 γεγοίς

187 2398 256 2453 Piut.
276 2397 343 2452 Mor.
361 2413 393 2490 p.
419 2394 525 2454 120A:
553 2384 649 2468 ἄωρος
669 2383 871 2533 ἐτελεχίτησευ·
897 2409 1008 2449 ουκουν
1034 2380 1081 2448 εὖ·

124 2499 179 2537 ποτ
180 2473 300 2557 μότερος
322 2467 371 2534 δια
390 2475 476 2535 τοῦτο
497 2473 547 2535 καὶ
569 2475 671 2534 κακῶν
689 2465 844 2570 ἀπείρατός
865 2465 997 2544 ἐστιυ,·“
983 2493 999 2532 ο
1019 2473 1084 2578 βίος

125 2583 198 2642 γαρ,
220 2559 312 2637 φησὶν
327 2552 539 2663 Εὐριπίδης,’
528 2552 602 2635 ὄνομ
606 2555 704 2636 ’ἔχει,
719 2552 810 2629 πόνος
823 2551 930 2639 γεγώς·
951 2544 1081 2629 ουτοςδ’

126 2645 226 2706 ἐπι
189 2667 242 2722 της
256 2637 471 2719 ενανθεστατης
485 2638 604 2719 ἡλικίας
617 2641 873 2721 προαπεφοίτησεν
883 2638 941 2703 κτλ.
973 2662 989 2701 ο
978 2635 1083 2723 ’βίος]

127 2731 191 2812 βίος
205 2733 305 2790 malim

577 2826 639 2891 958

228 2947 297 3023 είης
314 2962 380 3021 μοι,
397 2935 531 3022 με’τριον
548 2937 588 3003 δέ
603 2960 672 3013 πως

230 3047 298 3124 είης
316 3032 392 3124 μηδ’
414 3031 614 3116 ἀπολείποις.

191 3153 262 3210 Plut.
279 3154 343 3210 Mor.
359 3171 386 3227 p
401 3153 504 3210 1323:
519 3141 592 3226 πρὸς
608 3137 684 3208 δὲ
654 3169 706 3208 τον
721 3138 848 3222 οἷνον,“
828 3168 903 3219 απερ
919 3136 1086 3222 Εὐριπίδης

128 3226 203 3312 πρὸς
218 3255 273 3312 την
283 3225 473 3309 ’,Αφροδίτην
489 3229 721 3292 διαλεκτέον”
688 3253 752 3308 ειης
765 3251 870 3310 μοι-
833 3221 1084 3302 -απολείποις’

580 3397 642 3462 959

228 3504 362 3595 Ἑκάτης
380 3503 512 3595 ἄγαλμα
529 3504 714 3595 φωσφόρον
732 3503 824 3576 κύων
842 3512 918 3575 ἔσει.

1155 3590 1174 3727 λ
