2408 3862
113 225 147 268 ῃ
488 199 697 252 asseruero

116 375 275 450 Euripideos
289 390 351 431 esse
364 390 458 430 versus
472 389 524 429 nec
542 373 655 428 relatum
671 387 786 446 usquam
806 370 924 444 legimus
938 385 989 427 nec
1009 385 1073 444 poa·

115 477 209 516 sumus
224 458 334 515 credere
349 456 553 514 affirmantibus.
583 463 614 511 ut
629 455 699 511 enim
714 454 817 528 Polyidi
832 453 949 511 tabulam
965 463 1075 528 praeter

115 543 280 634 Euripidem
284 540 408 598 tractarit
424 540 452 596 ιιι
465 532 602 596 Maiorem
616 537 766 613 Sophocles
781 555 813 595 ac
827 538 945 595 iortasse
954 538 1075 612 Aeschy-

116 626 182 683 lus'
175 643 202 682 m
218 612 376 699 Κρήσσαις
393 624 429 680 ιιι
444 640 535 680 rerum
550 624 797 679 mathematicarum
812 623 979 716 ignorantia,
994 637 1075 696 quam

118 711 230 766 Eutocio
252 717 321 766 teste
335 707 554 766 Eratosthenes
546 723 575 763 ιιι
590 706 678 762 ιιιιιιι
693 705 816 762 versibus
836 721 887 762 suo
908 704 967 761 iure
982 720 1076 779 repre·

116 793 227 861 hendit‚
249 794 429 865 antiquiorem
445 793 537 864 potius
559 792 689 862 tragicum
704 797 810 862 poetam
825 804 905 864 quam
919 787 1075 863 Euripidem

118 880 200 951 sapit,
214 893 264 934 nec
278 875 383 933 dicendi
399 891 488 951 genus
501 872 656 948 Euripidem
670 871 777 929 videtur
791 888 916 946 arguere.
937 871 986 928 sed
1000 874 1076 947 quis·

118 961 179 1036 quis
194 976 319 1018 versuum
334 968 431 1017 auctor
444 958 513 1030 luit,
535 958 600 1014 satis
616 957 711 1031 utique
725 972 838 1014 causus
852 964 912 1013 erat
925 971 975 1013 cur
989 955 1076 1013 nolle·

117 1062 178 1100 mus
200 1044 367 1100 Valckenaril
388 1043 571 1098 coniecturam
592 1041 729 1115 adoptare.
764 1056 815 1097 nec
835 1048 925 1097 ιιιιιιιι
944 1055 994 1114 par
1018 1049 1077 1097 erat

118 1128 256 1185 hominum
271 1128 412 1183 doctorum
426 1127 637 1197 expectationem
653 1123 709 1181 ιιιιι
725 1123 834 1181 excluso
848 1124 911 1181 loco
926 1139 975 1196 eo,
995 1139 1076 1198 quem

119 1221 148 1268 et
161 1209 371 1267 emendatiorem
386 1213 414 1263 et
428 1209 576 1263 auctiorem
590 1207 685 1264 liceret
696 1222 859 1281 proponere.
878 1209 972 1281 ltaque
982 1222 1076 1264 versus

118 1293 181 1351 illos
196 1295 267 1349 iuter
281 1292 409 1365 adespota
424 1293 526 1365 tragica
540 1291 691 1364 fragmenta
703 1291 843 1348 referenda
858 1291 1077 1348 existimabamus

118 1394 172 1433 una
185 1393 247 1434 cum
262 1376 322 1432 aliis
337 1375 460 1449 plurimis
475 1374 554 1447 locis,
570 1392 713 1448 quoscum
728 1376 849 1448 tragicos
864 1391 925 1432 esse
939 1373 981 1430 vel
996 1376 1078 1434 scire·

119 1477 178 1516 mus
204 1460 246 1517 vel
272 1460 487 1533 suspicaremur,
513 1469 587 1516 certo
613 1459 720 1515 cuidam
745 1467 841 1532 poetae
861 1458 997 1516 vindicare
1021 1476 1077 1516 non

118 1544 221 1601 liceret.
256 1545 385 1617 adespota
404 1550 493 1599 autem
514 1546 617 1616 tragica
637 1544 787 1616 fragmenta
809 1559 863 1600 non
883 1549 1011 1616 poterant
1032 1544 1078 1600 ad·

119 1628 190 1684 mitti
205 1630 256 1685 nisi
271 1629 298 1683 iu
310 1626 430 1683 omnium
446 1628 611 1700 tragicorum
625 1634 766 1700 poetarum
779 1626 907 1701 reliquiis.
933 1642 1078 1701 quassum

119 1729 189 1768 anno
204 1710 284 1770 1856
299 1710 494 1781 emisissemus,
510 1712 576 1767 haec
586 1710 720 1784 Euripidis
735 1710 818 1767 editio
832 1711 914 1766 tertie
930 1711 1079 1784 volumine,

120 1795 193 1869 quod
207 1795 374 1869 perditarum
387 1794 586 1866 tragoediarum
602 1795 761 1867 fragmentis
770 1794 1009 1865 destinaveramus
1025 1796 1080 1853 huc

119 1895 206 1954 usque
227 1879 356 1935 destituta
375 1879 483 1934 mansit.
520 1894 591 1934 nunc
612 1878 718 1934 taudem
736 1879 824 1934 visum
844 1886 887 1934 est
912 1879 1078 1952 promissum

119 1961 225 2018 solvere
244 1971 273 2018 ιι
293 1979 325 2018 ιι
345 1960 476 2035 ampliore
501 1961 548 2018 illo
570 1977 651 2036 opere
672 1960 828 2035 Euripidem
848 1960 975 2036 reliquias
1000 1978 1079 2036 sepa·

120 2047 198 2104 ratim
219 2053 351 2119 repetere.
388 2060 468 2118 quam
490 2061 546 2101 rem
568 2045 605 2102 ιιι
627 2046 733 2102 institui
753 2052 858 2101 utnon
879 2045 1011 2118 integram
1031 2048 1078 2103 ad·

119 2130 210 2188 derem
227 2131 380 2202 scripturae
393 2128 550 2185 varietatem
565 2130 628 2185 olim
644 2129 800 2199 collectam,
821 2129 867 2185 sed
882 2137 967 2202 prout
980 2129 1078 2187 hihlio·

121 2215 215 2270 thecae
241 2213 443 2270 Teubneriauae
468 2213 564 2269 modus
589 2215 725 2285 exigeret,
754 2220 852 2286 poetae
879 2212 959 2269 rerba
988 2214 1079 2270 darem
1151 2263 1152 2267 ,

121 2306 251 2371 quantum
271 2297 365 2354 liceret
380 2295 519 2352 emendata
534 2313 566 2353 ac
579 2296 670 2353 lentes
690 2296 762 2354 uude
776 2295 878 2369 singuli
898 2294 952 2352 loci
967 2298 1080 2355 derivati

120 2389 212 2438 essent
231 2383 325 2456 paucis
346 2382 499 2439 indicarem.
534 2381 614 2437 simul
635 2396 699 2437 vero
719 2396 829 2454 operam
844 2379 904 2436 dedi
923 2387 957 2436 ut
976 2382 998 2436 si
1015 2381 1080 2456 quid

85 2479 86 2482 ’
120 2465 184 2521 olim
200 2483 214 2521 ι
230 2482 272 2521 mc
293 2482 347 2522 uon
361 2472 436 2522 recte
456 2464 669 2522 administratum
684 2471 774 2537 esset,
796 2466 847 2522 hac
859 2463 979 2520 editione
993 2467 1080 2521 comi·

120 2564 228 2620 genem,
248 2564 279 2604 ac
293 2565 374 2622 spero
389 2550 424 2605 iis
439 2547 486 2620 qui
508 2550 611 2605 maiore
627 2547 746 2604 editione
759 2548 847 2606 adhuc
861 2547 904 2604 usi
919 2555 983 2604 sunt
998 2549 1080 2605 huius

119 2628 204 2686 lihelli
219 2630 380 2687 tenuitatem
394 2645 449 2686 non
464 2631 524 2686 iore
537 2632 669 2688 inutilem.
700 2651 715 2688 a
731 2634 851 2689 numeris
865 2631 1080 2704 iragmentorum

119 2712 185 2770 olim
200 2715 315 2786 positis,
337 2731 408 2789 quos
423 2712 603 2771 llindorilus
596 2731 623 2770 tn
638 2717 732 2790 quinta
746 2715 888 2772 Poetarum
909 2717 1079 2774 scenicorum

120 2797 238 2853 editione
251 2807 363 2854 secutus
377 2808 435 2863 est,
456 2814 519 2854 raro
534 2798 656 2856 discessi
685 2799 724 2855 ιιι
737 2816 845 2856 versum
863 2795 953 2872 κῆτος
966 2788 1081 2866 θοάζον

120 2873 149 2950 ἐξ
166 2869 355 2954 Ἀτλαντικῆς
374 2868 446 2948 ἆιός
467 2877 541 2956 (οιιιι
556 2882 608 2939 inc
624 2881 677 2938 iah.
698 2882 731 2939 ir.
747 2881 820 2955 949)
835 2883 869 2941 ad
882 2883 1079 2941 Andromedam

119 2964 275 3021 rettulimus
289 2962 324 3038 (ι.
341 2964 376 3021 ιι.
394 2957 470 3023 134¹)
489 2965 570 3021 huius
591 2960 665 3039 edit.)
687 2967 835 3023 secundum
855 2966 980 3025 scholion
1003 2967 1080 3025 Euri·

118 3048 227 3122 pideum
242 3048 403 3105 allindortio
419 3049 531 3105 editum.
555 3049 589 3106 ir.
604 3049 685 3109 1086
698 3051 800 3124 prioris
814 3051 878 3108 edit.
891 3050 978 3108 iuerat
993 3052 1080 3110 torma

119 3128 172 3204 λῇς
192 3131 220 3187 ln
240 3133 326 3206 Etym.
346 3132 379 3190 ιι.
402 3149 434 3189 ιι
453 3131 578 3206 Euripide
598 3132 694 3190 allatas
721 3137 811 3209 ipsum
830 3143 929 3210 poetae
954 3134 1043 3194 locum
1065 3152 1081 3193 ι

118 3214 255 3272 Plistheue
276 3215 466 3290 depromptum
480 3217 595 3273 servavit
609 3217 694 3273 codex
708 3215 898 3290 Florentiuus,
914 3221 994 3276 cuius
1008 3220 1080 3276 uoti·

119 3298 183 3354 tiam
204 3299 332 3356 dehemus
348 3300 376 3357 E
391 3299 495 3357 llillero
510 3301 546 3371 (ι.
563 3300 596 3357 ιι.
612 3294 690 3359 cett
704 3301 787 3358 huius
801 3299 891 3378 edit..)
919 3312 1080 3399 corruptum

119 3371 200 3439 illud
206 3398 327 3457 sprseeo
347 3400 453 3456 opersu
474 3383 519 3454 (ir.
538 3383 619 3442 1104
639 3401 682 3458 pr.
698 3385 789 3459 edit),
812 3387 886 3460 quod
905 3387 1059 3444 Lutatius
1051 3405 1080 3444 ιιι

118 3465 185 3522 Stat.
201 3466 284 3524 Theb.
301 3466 336 3539 ὅ,
359 3467 466 3542 1631)
486 3467 545 3524 171
562 3467 604 3524 ed.
620 3467 764 3526 Liudeuhr.
782 3468 904 3543 hahet,
895 3487 948 3526 ram
963 3471 1078 3528 exclusi·
