2408 3862
168 225 212 292 84
584 226 723 277 ΔΙΚΤΤΣ

169 417 221 456 του
211 386 420 468 Δίκτυος
388 417 444 472 την
464 391 589 493 μητέρα
595 384 716 471 βιᾶτην
731 390 920 453 Πολυδέκτου
935 391 1021 492 βίαν,
1043 391 1133 454 είσελ·

169 471 237 582 θφν
252 472 335 552 είς
307 501 359 539 τον
380 477 558 557 βασιλέα-
515 470 813 556 -ἆπεστραμμένος
833 467 887 554 τὴν
908 469 1042 554 κεφαλὴν
1057 481 1133 559 Γορ-

168 562 257 643 γόνος
267 562 379 663 ἔδειξε,
399 565 460 623 τῶν
475 561 507 623 δὲ
521 557 683 623 ἰδόντων*
667 565 775 621 οποῐον
797 558 919 635 ἕκαστος
940 561 1023 640 ἔτυχε
1037 564 1135 642 σχῆμα

169 647 244 727 ἔχων
258 640 447 726 ἀπελιθώθη.

271 871 336 958 ἐγώ
355 877 477 958 νομίζω
495 870 594 957 πατρί
612 876 772 957 φίλτατον
789 869 888 937 τέκνα

271 978 388 1041 παισίν
404 998 440 1040 τε
456 967 534 1051 τούς
550 969 718 1056 τεκόντας,
736 964 816 1038 οὐδὲ
833 967 1027 1058 συμμάχους

270 1069 393 1153 ἄλλους
409 1073 569 1160 γενέσθαι
587 1066 671 1159 φήμ’
690 1063 733 1139 ἂν
752 1071 997 1159 ένδικωτέρους.

233 1189 309 1246 stoi.
326 1189 397 1245 βίοι.
414 1189 465 1259 83,
484 1189 532 1245 18.

272 1401 319 1488 είς
336 1403 399 1495 γάρ
417 1434 466 1486 τις
482 1413 551 1475 ἔστι
569 1403 678 1486 κοινὸς
696 1401 888 1493 ἀνθρώποις
905 1404 1007 1495 νόμος

272 1509 328 1576 καὶ
345 1519 457 1578 θεοῖσι
474 1508 572 1575 τούτο
592 1503 703 1593 δόξαν,
722 1501 767 1587 ὦς
784 1510 899 1594 σαφῶς
917 1511 1014 1594 λέγω,

269 1615 395 1696 θηρσίν
411 1637 447 1678 τε
465 1611 559 1694 πᾶσι,
576 1609 675 1677 τέκνα
692 1613 861 1676 τίκτουσιν
878 1617 1000 1695 φιλεῖν.

270 1708 310 1777 τὰ
330 1707 359 1777 ‹i’
381 1708 464 1778 ἄλλα
482 1709 582 1798 χωρὶς
600 1705 748 1797 χρώμεθ’
770 1703 923 1795 ἀλλήλων
940 1706 1062 1797 νόμοις.

231 1825 308 1883 stoi.
324 1826 396 1882 βίοι.
413 1826 464 1898 83,
482 1826 530 1882 17.
560 1843 599 1881 vs.
616 1824 634 1880 2
650 1819 753 1903 τοῦτο]
769 1811 858 1881 ταύτὸ
874 1826 1013 1882 Heaihius.

624 1987 687 2050 335

271 2096 357 2182 νέος,
375 2092 507 2164 πόνοισι
526 2091 557 2163 δ’
579 2090 641 2163 οὐκ
658 2090 867 2182 ἀγύμναστος
884 2095 1020 2183 φρένας.

233 2212 309 2271 Siob.
325 2214 397 2270 Flor.
414 2210 465 2282 52,
481 2210 511 2269 ὁ.

275 2489 383 2564 δοκεῖς
400 2481 459 2552 τὸν
467 2480 586 2568 ’Ἅιδην
604 2483 673 2550 σῶν
689 2509 722 2549 τι
739 2489 929 2570 φροντίζειν
946 2479 1035 2570 γόων

274 2584 330 2652 καὶ
348 2579 442 2652 παῖδ’
463 2579 602 2669 ἀνήσειν
619 2579 678 2651 τόν
696 2579 767 2670 σόν,
787 2589 818 2652 εί
834 2585 947 2664 θέλοις
966 2581 1109 2670 στένεινι

274 2686 414 2750 παῦσαι·
433 2682 601 2768 βλέπουσα
620 2678 651 2750 θ’
671 2689 717 2761 είς
734 2681 774 2752 τα
790 2686 859 2752 τῶν
876 2686 977 2765 πέλας
995 2683 1079 2754 κακὰ

275 2779 367 2872 ῥᾴων
384 2777 487 2869 γένοι’
507 2778 561 2869 ἅν,
580 2788 612 2850 εί
628 2789 816 2869 λογίζεσθαι
833 2785 945 2867 θέλοις

274 2879 347 2952 ὅσοι
363 2910 399 2953 τε
418 2887 550 2969 δεσμοῖς
568 2882 831 2973 έκμεμόχθηνται
849 2890 980 2975 βροτῶν
1095 2906 1112 2958 5

274 2981 347 3054 ὅσοι
364 3010 401 3053 τε
418 2979 644 3071 γηράσκουσιν
661 2979 805 3073 ὀρφανοὶ
821 2986 960 3076 τέκνων,

275 3083 353 3167 τούς
372 3081 404 3155 δ’
425 3088 461 3154 ἐκ
478 3090 634 3174 μεγίστης
651 3080 768 3172 ὀλβίας
786 3094 986 3176 τυραννίδος

274 3185 310 3257 τὸ
328 3187 433 3275 μηδέν
449 3183 564 3267 ὄντας·
582 3183 685 3255 ταῦτά
703 3209 742 3256 σε
759 3206 898 3260 σκοπεῖν
914 3187 1032 3280 χρεοίν.

236 3305 307 3362 Plui.
323 3306 389 3363 Mor.
406 3324 432 3380 p.
451 3304 557 3363 106Αι
572 3295 589 3359 ὁ
606 3297 637 3361 δὲ
652 3297 923 3380 παραμυθούμενος
938 3295 994 3379 τὴν
1010 3305 1138 3380 Δανάην

174 3384 403 3446 βυσπενθοῦσυν
418 3384 528 3459 Δίκτυς
542 3384 619 3462 φησί
631 3390 641 3418 ‘
650 3385 747 3457 δοκεῖς
761 3421 800 3431 -
816 3383 911 3464 γρεοίν
921 3392 940 3449 ’.
962 3408 1001 3447 vs.
1019 3390 1038 3447 5
1054 3384 1138 3464 έμμε·

170 3465 350 3546 μόγλευνται
371 3472 518 3530 Bentleius.
553 3492 591 3530 vs.
614 3474 632 3531 7
654 3467 790 3548 μέγιστον
812 3474 965 3536 ΕΙιυτΙοίυε.
1002 3473 1138 3551 Euripidis

155 3557 319 3630 BJctfl'hos
334 3568 431 3614 νεεευε
446 3557 592 3616 vindicavit
606 3557 785 3635 Musgravius.
