2408 3862
123 182 168 248 62
510 183 710 237 ΑΡΧΕΛΑΟΣ

190 357 279 416 Schol.
300 358 374 415 Pind.
391 357 468 432 Pyd.
485 355 521 427 2,
542 355 597 414 54:
618 341 760 454 πειρατάς
779 343 848 425 τοῦς
867 342 942 415 κατά
963 351 1091 436 πέλαγος

125 433 235 540 ληστάς
260 435 390 535 λέγομεν,
416 438 525 535 κυρίως
546 434 578 496 δὲ
602 431 670 510 τοῦς
692 435 724 497 ἐν
746 429 809 521 ὁδῷ
834 441 1090 540 κακουργοῦντας·

125 513 193 600 παρ’
214 544 230 582 ο
216 514 283 598 “dd
298 545 349 582 και
340 511 505 624 ῦδονροῦς
525 513 634 593 αὐτοῦς
649 521 781 601 λέγουσιν
787 499 965 601 Εὐριπίδης
979 520 1011 584 ἔν
1026 529 1091 608 Αρ·

124 601 220 691 χελάηο
235 598 356 668 ‘dicavit'
374 597 417 666 ὁδ.
433 609 477 667 λ.’
494 608 546 665 καλ
560 607 719 684 Σοφοκλῆς
734 603 766 664 ἕν
780 605 869 685 Αἰγει
882 641 930 667 -.

226 851 335 917 ἔσωσα
354 843 478 934 δοῦλην
495 754 723 916 οῦσαῦὸδίῧολ
685 842 749 934 γάρ
767 843 906 933 ἥσσονες

225 965 294 1028 τοῖς
312 954 502 1040 κρείσσοσιν
519 950 654 1036 φιλοῦσι
673 943 847 1016 δουλεύειν
863 949 1004 1037 βροτῶν.

187 1063 265 1122 stob.
280 1065 352 1122 dior.
370 1063 421 1138 62,
438 1065 485 1122 13.
517 1083 554 1121 vs.
571 1064 587 1121 1
605 1058 695 1120 ἔσωσε
709 1063 751 1119 vei
767 1050 828 1144 ἔφην’
830 1058 866 1119 δα
880 1065 1040 1124 dleinekius.

573 1208 637 1272 264

226 1297 328 1371 πάλαι
346 1301 531 1386 σκοποῦμαι
549 1299 607 1378 τάς
624 1294 727 1386 τῦχας
745 1301 812 1368 τῶν
829 1303 962 1386 βροτῶν

226 1395 269 1480 ῶς
288 1389 326 1470 εῦ
343 1396 640 1487 μεταλλάσσουσιν·
659 1393 696 1478 ῦς
714 1397 778 1488 γάρ
796 1398 839 1469 άν
857 1402 969 1490 σφαλῇ

226 1506 272 1581 εἰς
291 1496 397 1588 ὀρθὸν
415 1505 490 1587 ἔστη
509 1527 556 1589 χω
545 1496 709 1589 “πρλν’
674 1503 824 1589 ευτυχῶν
841 1506 958 1571 πίτνει.

186 1616 261 1674 stob.
277 1617 349 1675 λλον.
366 1617 437 1690 105,
454 1617 626 1674 31et0r10n
641 1617 713 1673 dior
730 1617 761 1688 8,
778 1616 921 1712 2ρ.261,
937 1617 986 1675 21.
1010 1637 1048 1675 vs.
1069 1620 1085 1676 1

123 1696 317 1801 σκοποῦμαι]
327 1697 483 1774 σκοπῶμεν
507 1700 550 1757 Or
572 1690 625 1768 τάς
647 1691 857 1799 ἐφημέρων
821 1719 910 1774 τνχας
941 1700 969 1760 0.
987 1703 1086 1762 Hense.

122 1803 162 1843 vs.
178 1776 240 1843 2‘
219 1804 258 1852 ως
283 1764 364 1864 εῦ]’
347 1797 417 1841 οσον
432 1785 643 1858 Herwerdenus‚
661 1775 699 1853 ὡς
714 1779 821 1842 θεολθ.
835 1785 933 1843 Hense

224 2027 293 2091 ἔστι
310 2049 341 2090 τι
359 2021 414 2089 καλ
432 2016 522 2109 παρά
536 2017 677 2108 δάκρυσι

224 2127 378 2211 κείμενον
394 2118 460 2211 ἡδῦ
477 2129 619 2211 βροτοῖς,
638 2117 717 2190 ὅταν

222 2219 331 2313 άνδρα
348 2228 448 2312 φίλον
465 2219 606 2312 στενάχη
625 2249 673 2302 τις
691 2225 728 2292 ἐν
745 2232 835 2315 οἴκῳ.

185 2338 261 2399 Stob.
276 2341 348 2400 λλον.
367 2341 438 2416 122,
454 2342 482 2399 7.
517 2359 556 2397 vs.
574 2341 590 2397 1
606 2357 636 2394 τι
650 2339 752 2396 addidit
767 2339 923 2397 deinddus.

222 2572 262 2644 τά
279 2575 342 2665 γάρ
361 2573 422 2645 οῦκ
439 2573 550 2664 ὀρθῶς
567 2484 766 2663 ῦῗιῦσσόμεῦ
786 2571 898 2657 ὀρθῶς

222 2688 290 2755 τοῖς
307 2673 515 2765 πράσσουσιν
532 2674 635 2744 κακὸν
649 2665 763 2763 ἦλθεν.

183 2789 259 2848 stoi.
274 2790 329 2848 ια.
348 2791 376 2865 1,
392 2792 421 2862 3,
439 2791 477 2848 35
494 2809 521 2864 p.
540 2790 608 2847 124.

325 2933 335 2966 ⁰
547 2995 663 3046 ΑΤΓΗ

184 3103 323 3178 Aristoph.
344 3104 408 3160 Rau
432 3101 528 3162 1080·
555 3085 589 3156 οῦ
615 3089 809 3176 προαγωηοῦς
833 3078 1034 3170 κατέδειξ’
997 3116 1083 3170 ουτος

123 3181 285 3262 (Euripides)
275 3181 352 3260 )καὶ
367 3177 521 3254 τικτούσας
537 3177 568 3241 ἐν
583 3185 644 3254 τοῖς
659 3180 762 3258 λεροῑς;
778 3185 825 3243 ubi
837 3185 965 3243 Scholion
980 3185 1082 3279 epdicis

121 3271 204 3328 Paris.
216 3272 313 3331 2821:
327 3262 481 3339 τικτοῦσας
495 3264 549 3365 μὲν
564 3262 596 3326 ἐν
611 3270 671 3337 τοῖς
687 3256 824 3344 λεροῖς,“
802 3288 843 3364 ρος
857 3257 973 3344 ἡΑῦηη
988 3257 1008 3340 ἡ
1024 3270 1082 3324 θυ-

121 3345 217 3449 μάτηρ
239 3342 342 3412 Ἀλέου
363 3352 454 3429 λε’ρεια
473 3334 549 3412 οῦσα
568 3341 700 3449 Ἀθηνᾶς
722 3347 755 3409 ἐν
773 3371 813 3431 τρι
802 3349 900 3432 λέρω
909 3349 1011 3448 γεννᾷ
1031 3339 1084 3408 τὸν

123 3430 270 3511 Τήλεφον.
314 3440 401 3497 Strab.
423 3441 530 3514 Xllip.
554 3439 629 3496 615·
655 3410 918 3535 Edpmldpgd’‘
901 3423 960 3493 υπὸ
979 3410 1082 3493 Ἀλὲον

115 3516 196 3596 φησὶ
212 3520 267 3580 τοῦ
281 3541 333 3597 της
346 3513 452 3602 Αῦμης
465 3511 574 3603 πατρὸς
593 3518 634 3592 εἰς
649 3513 784 3602 λάρνακα
798 3538 854 3595 την
868 3515 977 3598 Λῦγην
992 3538 1081 3578 κατα·
