2408 3862
462 859 730 947 PRAEFATIO.

182 1078 222 1133 sd
234 1075 388 1149 Euripidem
403 1074 595 1129 recensendum
612 1090 671 1128 cum
688 1071 872 1144 accessissem,
885 1071 1079 1146 superstitibus

119 1171 217 1237 poetae
232 1161 331 1216 labulis
348 1157 513 1232 perditarum
535 1157 663 1230 reliquias
684 1157 780 1212 addere
795 1158 823 1212 in
844 1159 961 1212 animum
977 1158 1078 1226 induxi,

120 1256 177 1302 lum
193 1247 255 1319 quia
278 1243 396 1298 frustula
411 1242 456 1296 illa
472 1242 650 1314 plurimorum
673 1242 836 1314 scriptorum
858 1242 1020 1297 testimoniis
1036 1258 1079 1296 ce-

119 1329 240 1401 lebrata,
260 1329 317 1384 sire
337 1325 464 1381 ambitum
485 1334 592 1398 spectes
612 1326 668 1380 sive
683 1326 816 1398 pretium,
837 1343 893 1381 uon
915 1325 1013 1380 debent
1033 1342 1079 1379 ne·

121 1413 194 1487 glegi
210 1421 257 1468 aut
272 1412 424 1481 contemni,
446 1419 501 1464 lum
518 1411 580 1482 quia
596 1408 772 1466 collectiones
787 1409 991 1482 Euripideorum
1008 1409 1079 1480 img-

120 1506 274 1552 mentorum
298 1494 332 1550 ab
356 1496 389 1550 A.
414 1494 557 1548 blaltlrlaeo
584 1501 611 1547 et
635 1492 680 1549 Er.
707 1493 776 1548 Guil.
803 1492 940 1565 Wagnero
970 1503 1079 1567 paratae

121 1582 215 1654 aequis
229 1579 364 1635 iudicibus
379 1594 473 1650 parum
489 1577 649 1632 videbantur
663 1576 782 1650 probari.
804 1578 895 1650 itaque
910 1594 980 1632 anuo
998 1575 1079 1633 1854

121 1666 148 1720 iu
169 1662 251 1719 titulo
272 1663 373 1735 primae
394 1661 521 1716 editionis
536 1661 671 1732 Euripidis
692 1662 858 1734 perditarum
880 1661 1080 1733 tragoediarum

121 1748 252 1821 reliquias
274 1747 395 1819 promisi.
423 1762 486 1800 mor
505 1761 568 1799 vero
583 1761 616 1799 eo
632 1745 738 1800 delatus
758 1760 816 1799 sum
833 1753 863 1800 ut
884 1746 1002 1801 omnium
1026 1752 1079 1799 lra-

122 1832 244 1904 gicorum
266 1837 406 1903 poetarum
429 1830 578 1901 fragmenta
595 1828 696 1883 edenda
717 1837 852 1901 putarem:
876 1830 953 1884 cuius
974 1827 1078 1884 consilii

122 1933 188 1988 quas
203 1913 342 1969 habuerim
356 1929 481 1984 caussas,
497 1913 595 1984 exponi
611 1912 653 1967 vix
667 1914 773 1967 attinet.
804 1913 930 1968 nimirum
945 1929 979 1967 ue
995 1912 1078 1967 dicam

122 2009 276 2054 ceterorum
291 2013 402 2069 quoque
423 1997 589 2068 tragicorum
604 1996 726 2068 reliquiis
747 1996 878 2070 prodesse
894 1996 1079 2065 meminisse,

122 2081 247 2155 inprimis
262 2088 293 2136 ut
307 2080 402 2135 altiora
422 2081 534 2136 molirer
548 2096 577 2134 ea
593 2095 623 2133 re
637 2090 778 2152 permotus
799 2098 857 2136 sum
873 2081 946 2153 quod
961 2081 988 2134 in
1004 2079 1080 2134 Euri·

121 2166 208 2240 pideis
224 2164 383 2238 fragmentis
396 2164 464 2218 baud
480 2180 563 2236 pauca
576 2163 743 2220 circumferri
760 2165 996 2220 animadverteram
1012 2179 1080 2235 quaa

121 2267 173 2306 uec
186 2249 308 2305 tribuere
330 2249 392 2303 huic
406 2257 503 2321 poetae
523 2248 648 2302 auderem
669 2264 717 2302 nec
732 2248 850 2302 detracta
871 2265 925 2302 non
946 2246 1081 2301 desidera·

122 2343 180 2389 tum
201 2334 235 2387 iri
255 2332 408 2387 arbitrarer.
437 2331 511 2387 velut
530 2332 562 2386 ad
577 2331 718 2404 Polyidum
739 2330 875 2403 Euripidis
893 2329 996 2386 relatos
1016 2329 1080 2385 vidi·

121 2433 183 2472 mus
198 2433 230 2471 ex
244 2414 409 2471 Valckenarii
426 2416 581 2471 coniectura
595 2416 679 2470 bosce
693 2415 762 2471 duos
777 2414 894 2470 iambos:

247 2523 356 2605 μικρόν
369 2521 400 2606 γ’
417 2525 514 2601 ἔλεξας
529 2530 687 2607 βασιλικοῦ
701 2518 794 2604 σηκὸν
807 2521 918 2603 τάφου·

250 2609 402 2683 διπλάσιος
417 2610 502 2671 ἔστω·
517 2620 571 2671 τοῦ
586 2611 682 2689 κύβου
699 2610 729 2672 δὲ
744 2605 784 2690 μὴ
798 2613 921 2694 σφαλῇς.

121 2751 174 2791 uec
187 2734 346 2790 dubitarunt
364 2734 397 2789 de
411 2733 538 2806 Euripide
553 2743 598 2788 aul
614 2734 645 2789 de
666 2737 800 2808 scriptura
815 2751 939 2790 versuum
955 2735 1082 2808 reliquia·

121 2835 182 2875 rum
197 2819 402 2889 Euripidearum
421 2818 541 2872 edilores
560 2818 660 2890 aliique
680 2819 804 2873 homines
818 2819 907 2890 docti,
921 2820 994 2874 velut
1009 2820 1080 2892 lley-

121 2905 184 2957 ulus
199 2901 309 2958 Obserr.
324 2901 356 2956 ad
372 2899 495 2973 Apollod.
511 2918 537 2973 p.
554 2899 630 2970 222,
651 2902 806 2974 Bernhardy
825 2903 959 2958 Eratostlr.
977 2921 1003 2975 p.
1021 2902 1080 2959 175

121 3002 176 3058 sip,
189 2985 218 3040 L.
235 2984 386 3040 Dindorlius
400 2986 428 3039 in
443 2985 521 3040 Thes.
538 2983 582 3041 Gr.
599 2985 627 3040 l.
643 2986 696 3040 vol.
714 2986 732 3042 7
747 3003 776 3059 p.
794 2984 852 3042 172
864 2987 892 3041 Β.
923 2987 1015 3041 docuit
1030 3004 1081 3042 nos

121 3084 275 3143 perquem
300 3085 383 3123 uuum
404 3069 457 3124 bos
480 3085 573 3123 versus
600 3072 751 3142 accepimus
777 3070 907 3125 Eulocius
938 3070 1028 3125 locum
1053 3079 1083 3125 et

121 3152 275 3225 augendum
292 3153 375 3208 luisse
389 3161 418 3208 et
431 3151 510 3207 aliter
524 3153 708 3208 scribendum:

249 3260 356 3340 μικρόν
370 3258 399 3342 γ’
416 3262 513 3339 ἔλεξας
527 3267 686 3345 βασιλικοῦ
700 3263 793 3344 σηκὸν
808 3260 921 3340 τάφου·

250 3343 401 3420 διπλάσιος
416 3347 498 3408 ἕσσω.
519 3350 573 3408 τοῦ
588 3351 681 3409 καλοῦ
697 3349 727 3409 δὲ
742 3341 782 3426 μὴ
797 3348 918 3424 σφαλεὶς

250 3427 365 3502 diulus
385 3429 509 3492 ἕκαστον
522 3433 618 3492 κῶλον
632 3431 665 3492 ἐν
679 3429 760 3514 τάχει
774 3428 886 3514 τάφου.
