2408 3862
486 188 709 242 ΑΝΔΡΟΜΕΔΑ

570 354 631 419 120

221 462 371 546 ἄνοικτος
388 459 425 546 δς
442 461 547 534 τεκοδυ
565 463 602 533 σέ
619 459 681 549 τὴν

222 563 506 652 πολυπουωτάτην
523 566 655 686 βροτῶν

219 673 368 756 μεθῆκεν
377 663 474 757 Αιδμ
492 662 617 754 πάτρας
634 657 852 793 ὑπερθανεῖν.

184 767 1080 878 Αε,ΤΙτοειυ.1022;άυοικτοςὸςμ’έδησετονπολυπονοί-

119 883 207 922 τατον
229 865 353 967 βροτῶν.
385 869 430 924 ubi
450 866 557 924 Schola
585 853 667 932 παρά
687 853 719 921 τὸ
739 865 793 920 τοῦ
808 858 947 943 χοροῦέν
957 851 1079 942 Ἀνδρο-

119 941 249 1030 μέδμ”
227 968 425 1021 ανοικτος-
439 939 652 1026 55:5955551555'.

573 1061 631 1124 121

223 1174 372 1240 ἐκθεῖναι
390 1167 480 1256 κήτει
498 1165 630 1258 φορβάν

183 1290 229 1345 Ar.
250 1290 297 1343 Av.
319 1286 393 1345 358:
422 1273 460 1352 ὡς
481 1280 525 1340 δεῖ
545 1270 613 1340 τώδ’
635 1277 771 1381 οἰμώζειν
778 1275 882 1380 άμφω
902 1279 952 1341 καὶ
975 1280 1080 1342 δοῦναι

120 1362 222 1446 ῥύγχει
237 1359 364 1445 φορβάν.
394 1370 440 1426 ubi
456 1369 561 1427 Schola
583 1358 664 1470 παρά
687 1357 720 1426 τὸ
740 1357 908 1444 Εὐριπίδου
922 1363 951 1440 ἐξ
962 1355 1082 1443 ’-Ανδρο

120 1450 208 1528 μέδας
230 1449 436 1510 ειέκθεῑιαι-
453 1443 600 1527 φορβάν,
623 1445 662 1521 ὡς
673 1442 937 1526 Ἀσκληπιάδης
907 1473 942 1509 τα
961 1448 1082 1548 μηδέπω

122 1534 313 1631 διδαχθείσης
333 1556 385 1610 της
406 1533 570 1633 τραγῳδίας
589 1533 839 1633 παρατιθέμενος,
861 1528 899 1606 ὡς
914 1533 963 1594 καὶ
979 1525 1012 1594 τὸ
1028 1532 1082 1594 ‘65

120 1609 199 1716 γάρ
200 1620 292 1678 ταῦτα
312 1612 411 1677 πάντα
432 1594 526 1676 καὶ
498 1639 530 1677 το
550 1616 619 1700 τηδε
640 1616 691 1676 καὶ
707 1612 740 1678 τδ
754 1625 850 1679 55565’
872 1623 929 1696 (Ar.
944 1626 992 1679 Αν.
1007 1620 1080 1695 423)

120 1696 202 1820 παρά
222 1695 257 1762 τά
280 1700 311 1760 έκ
331 1704 391 1802 ττόμ
413 1700 533 1779 μηδέπω
544 1678 771 1819 διδαχθεισῶγ
783 1704 953 1763 Φοινισσῶν
979 1704 1080 1780 φησίν,

121 1783 258 1847 κάκεῖσε
279 1785 328 1846 καὶ
350 1807 381 1845 το
373 1779 553 1864 δεῦρο,
514 1809 555 1864 μη
579 1784 660 1860 δόλος
676 1790 753 1871 τιςῄ
763 1789 866 1866 ’.(Εοε
882 1793 983 1849 Phoen.
999 1789 1080 1866 266).

188 2027 234 2082 55.
250 2028 355 2082 Thesm
375 2024 494 2083 1029-
499 2025 595 2085 1041.

272 2116 360 2202 ὁρᾷς;
377 2108 413 2180 05
403 2126 558 2221 χοροῖσιν

273 2183 373 2266 οὐδ’
356 2227 399 2281 υφ
403 2197 541 2281 ἠλίκων
557 2207 701 2268 νεανίδων
916 2211 997 2270 1030

322 2282 469 2366 ..ἕστηκ’
489 2285 599 2368 έχουσ’,

272 2336 336 2433 555’
354 2369 385 2432 έν
400 2381 524 2446 πυκνοῖς
539 2375 689 2452 δεσμοῖσιν
703 2371 921 2454 ἐμπεπλεγμένη

272 2453 492 2536 κη’τειβορδι..
508 2455 698 2558 ,πρόκειμαι

272 2540 454 2624 γαμηλίῳ
422 2564 476 2618 μεν
491 2535 527 2602 οὗ
543 2535 596 2613 ξῦυ

272 2627 381 2682 παιῶνι
383 2622 514 2728 ,δεσμίῳ
531 2623 572 2699 δέ,
916 2629 997 2688 1035

272 2671 444 2811 γοᾶσθέμζ
461 2692 483 2768 5
499 2713 650 2786 γυναῖκες,
668 2703 709 2780 ὦς

273 2787 359 2886 μέλεμ
373 2788 428 2868 μέν
445 2788 583 2850 πέπονθα
598 2789 707 2868 μέλεος,

274 2896 297 2933 ω
284 2856 399 2972 τάλας
415 2865 472 2953 έγοδ
486 2869 585 2948 τάλας,

273 2950 332 3018 ἆπο
324 2950 380 3018 55
394 2954 545 3038 συγγόνων
561 2947 696 3018 τάλαν”’
675 2979 773 3036 ανομα
787 2953 889 3019 πάθεα

273 3044 356 3120 φῶτα
371 3041 535 3146 λιτομέναν,
918 3047 1001 3108 1040

272 3123 497 3209 πολυδάκρυτον
509 3122 642 3188 Ἀίδα’
606 3148 677 3207 γοον
694 3125 863 3208 φλέγουσαν

120 3241 151 3291 55
166 3249 228 3291 mox
243 3251 281 3290 vs.
300 3233 524 3294 1047—1055:

273 3327 309 3390 55
325 3332 427 3430 μοίρας
442 3321 562 3410 άτεγκτε
582 3329 710 3408 δαίμων·

273 3405 300 3471 5
308 3410 477 3519 κατάρατος
492 3411 564 3494 ἐγώ·
581 3415 623 3487 τίς
640 3405 757 3493 έμδυ’
724 3437 779 3476 υνκ
795 3407 938 3491 ε’πόψεται

271 3488 403 3570 πάθος’
386 3495 512 3580 αμέγαρ
500 3519 551 3558 ου
566 3495 613 3559 ἕπλ
629 3501 729 3559 κακῶν
743 3499 907 3586 παρονοίρις
