2408 3862
166 178 207 244 12
520 177 772 235 ΔΑΕΞΑΝΔΡΟΣ

265 351 390 442 γαστὴρ
408 349 550 440 ἅπαντα,
568 349 716 422 τούπίσω
735 349 766 420 δ’
787 349 889 421 οὐδὲν
905 367 1032 425 σκοπεῖ.

226 470 305 527 stoi.
319 471 393 528 τοι.
410 470 460 543 ον,
478 468 527 526 15.

624 613 665 679 61

268 722 400 791 δούλων
417 719 489 791 ὅσοι
506 726 643 809 φιλοῦσι
662 724 832 791 δεσποτῶν
849 722 957 810 γένος,

264 823 346 912 πρὸς
363 826 431 891 τῶν
448 817 573 911 ὁμοίων
590 820 736 910 πόλεμον
753 831 905 910 αἴρονται
922 825 1036 910 μέγαν.

227 939 303 997 Siob.
319 938 392 997 Flor.
409 939 459 1012 62,
476 940 525 997 16.
555 956 593 996 ιε.
612 940 628 996 1
650 928 787 994 δεσπόται
801 939 924 996 Boihius.

622 1117 665 1181 52

770 1221 913 1305 δούλους
931 1222 994 1312 γὰρ
1011 1221 1053 1294 οὖ

264 1324 369 1395 καλὸν
387 1328 559 1394 πεπᾶσθαι
577 1331 771 1415 κρείσσονας
789 1329 856 1394 τῶν
877 1331 1056 1406 δεσποτῶν.

225 1441 303 1499 stoi.
318 1442 390 1499 mor.
407 1441 457 1515 ον,
475 1443 524 1499 19.

265 1691 511 1784 περισσόμνδος
528 1696 547 1765 ὁ
566 1693 678 1782 λόγος,
698 1691 870 1782 εὐγένειαν
887 1685 920 1765 εἰ

264 1792 415 1884 βρότειον
432 1792 662 1884 εόλογήσομεν.

263 1890 301 1965 τό
319 1895 382 1986 γὰρ
400 1893 502 1965 πόλοι
524 1898 580 1965 καὶ
597 1899 729 1985 πρῶτον
746 1893 796 1966 ὅτ’
819 1894 1022 1985 ἐγενόμεθα,

264 1995 383 2085 ὁμοίαν
399 1997 495 2085 χθοόν
512 1993 637 2067 ἅπασιν
659 1997 894 2079 ἐξεπαίδενσεν
911 1995 1005 2080 ὄψιν·

266 2094 321 2166 διοὶ
341 2093 373 2166 δ’
394 2103 525 2183 ἔκρινεν
541 2096 563 2166 ἅ
582 2095 715 2186 δόκησις
738 2097 886 2187 βροτούς.
1107 2117 1126 2170 5

263 2204 352 2268 ἴδιον
368 2195 473 2268 οὐδὲν
491 2207 621 2287 ἔχομεν·
640 2207 700 2287 μία
718 2201 755 2268 δὲ
772 2198 855 2286 γονόι

262 2297 300 2369 τό
317 2301 348 2368 τ’
369 2298 504 2387 εὐγενὲς
521 2303 577 2370 καὶ
594 2298 630 2369 τὸ
648 2306 824 2388 δυσγενές·

262 2398 355 2493 νόμῳ
374 2401 413 2470 δὲ
429 2404 557 2491 γαῦρον
573 2399 655 2470 αὐτὸ
672 2408 802 2489 κραίνει
819 2398 946 2489 χρόνος.

263 2502 301 2571 τὸ
319 2500 485 2593 φρόνιμον
502 2500 664 2590 εὐγένεια,
682 2503 738 2571 καὶ
754 2499 791 2571 τό
808 2500 949 2571 συνετόν

262 2599 378 2682 ὁθεός
396 2608 547 2691 δίδωσιν,
566 2599 627 2691 οὐχ
644 2597 662 2671 ὁ
680 2605 828 2683 πλοῦτος.
1090 2621 1124 2673 10

224 2733 301 2792 Siob.
316 2735 389 2792 Flor.
405 2736 462 2809 86,
479 2735 508 2793 2.
538 2738 674 2811 scriptura
695 2744 723 2793 et
743 2744 859 2792 metrum
874 2740 1018 2793 incertum.
1047 2753 1087 2792 vs.
1102 2736 1123 2793 4

161 2820 223 2877 eti>
245 2821 352 2876 inverso
378 2820 472 2876 ordine
497 2821 524 2877 in
546 2820 624 2877 libris
646 2821 792 2896 leguntur,
820 2821 937 2877 correxit
963 2819 1122 2879 Meinekius.

60 2933 62 2936 -
160 2921 200 2960 ιε.
215 2902 236 2959 4
250 2891 341 2980 όψιν]
357 2904 475 2975 fortasse
492 2895 586 2975 φύσιν
600 2904 655 2978 leg.
685 2923 723 2962 vs.
740 2904 758 2961 5
773 2901 899 2960 τεκοῦσα
913 2905 987 2979 libri,
1002 2894 1124 2978 δόκησις

160 2987 321 3045 ileinekius.
350 3006 375 3046 v.
391 2987 409 3046 9
426 2997 454 3044 et
470 2988 510 3047 10
525 2988 619 3045 dubito
634 3006 699 3045 num
714 2988 849 3062 Euripidis
864 2989 930 3047 sint.

619 3168 662 3232 54

260 3271 324 3346 οόκ
341 3285 432 3346 ἔστιν
450 3277 487 3345 ἐν
504 3290 656 3346 κακοῖσιν
674 3271 836 3366 εὐγένεια,

261 3375 340 3466 παρ’
361 3373 518 3465 ἀγαθοῖσι
538 3376 569 3447 δ’
588 3373 733 3467 ἀνδρῶν.

223 3492 299 3552 stoi.
314 3495 387 3553 Flor.
403 3496 454 3568 86,
470 3497 499 3556 i.

65 3586 165 3632 ι-
