<?xml version="1.0" encoding="UTF-8"?>
<!DOCTYPE html PUBLIC "-//W3C//DTD XHTML 1.0 Transitional//EN"
    "http://www.w3.org/TR/xhtml1/DTD/xhtml1-transitional.dtd">
<html xmlns="http://www.w3.org/1999/xhtml" xml:lang="en" lang="en">
 <head>
  <title>
</title>
<meta http-equiv="Content-Type" content="text/html;charset=utf-8" />
  <meta name='ocr-system' content='tesseract 3.04.00' />
  <meta name='ocr-capabilities' content='ocr_page ocr_carea ocr_par ocr_line ocrx_word'/>
</head>
<body>
  <div class='ocr_page' id='page_1' title='image "./euripidistragoe04eurigoog_0244.png"; bbox 0 0 2408 3862; ppageno 0'>
   <div class='ocr_carea' id='block_1_1' title="bbox 526 212 1077 277">
    <p class='ocr_par' dir='ltr' id='par_1_1' title="bbox 526 212 1077 277">
     <span class='ocr_line' id='line_1_1' title="bbox 526 212 1077 277; baseline 0.015 -8"><span class='ocrx_word' id='word_1_1' title='bbox 526 217 679 271; x_wconf 73' lang='grc' dir='ltr'><strong><em>οιοοεεα</em></strong></span> <span class='ocrx_word' id='word_1_2' title='bbox 1013 212 1077 277; x_wconf 83' lang='grc'><strong><em>213</em></strong></span> 
     </span>
    </p>
   </div>
   <div class='ocr_carea' id='block_1_2' title="bbox 121 381 1076 678">
    <p class='ocr_par' dir='ltr' id='par_1_2' title="bbox 121 381 1076 678">
     <span class='ocr_line' id='line_1_2' title="bbox 220 381 1076 477; baseline -0.004 -18"><span class='ocrx_word' id='word_1_3' title='bbox 220 391 275 459; x_wconf 83' lang='grc' dir='ltr'><strong><em>καλ</em></strong></span> <span class='ocrx_word' id='word_1_4' title='bbox 293 386 398 460; x_wconf 84' lang='grc' dir='ltr'><strong><em>τόνδ’Ι</em></strong></span> <span class='ocrx_word' id='word_1_5' title='bbox 412 386 583 458; x_wconf 86' lang='grc' dir='ltr'><strong><em>Ἀπόλλων</em></strong></span> <span class='ocrx_word' id='word_1_6' title='bbox 597 384 630 457; x_wconf 87' lang='grc' dir='ltr'><strong><em>δ’</em></strong></span> <span class='ocrx_word' id='word_1_7' title='bbox 649 393 685 458; x_wconf 85' lang='grc' dir='ltr'><strong><em>ἐν</em></strong></span> <span class='ocrx_word' id='word_1_8' title='bbox 698 395 829 477; x_wconf 81' lang='grc' dir='ltr'><strong><em>βροτολς</em></strong></span> <span class='ocrx_word' id='word_1_9' title='bbox 842 381 954 477; x_wconf 79' lang='grc' dir='ltr'><strong><em>όρθός</em></strong></span> <span class='ocrx_word' id='word_1_10' title='bbox 971 394 1076 475; x_wconf 82' lang='grc' dir='ltr'><strong><em>καλεῖ,</em></strong></span> 
     </span>
     <span class='ocr_line' id='line_1_3' title="bbox 221 484 959 577; baseline -0.003 -19"><span class='ocrx_word' id='word_1_11' title='bbox 221 489 307 570; x_wconf 84' lang='grc' dir='ltr'><strong><em>ὅστις</em></strong></span> <span class='ocrx_word' id='word_1_12' title='bbox 324 491 364 559; x_wconf 80' lang='grc' dir='ltr'><strong><em>τὰ</em></strong></span> <span class='ocrx_word' id='word_1_13' title='bbox 380 484 515 576; x_wconf 78' lang='grc' dir='ltr'><strong><em>σιγῶντ’</em></strong></span> <span class='ocrx_word' id='word_1_14' title='bbox 534 486 670 577; x_wconf 82' lang='grc' dir='ltr'><strong><em>ὀνόματ’</em></strong></span> <span class='ocrx_word' id='word_1_15' title='bbox 691 487 763 558; x_wconf 86' lang='grc' dir='ltr'><strong><em>οίδε</em></strong></span> <span class='ocrx_word' id='word_1_16' title='bbox 782 487 959 576; x_wconf 76' lang='grc' dir='ltr'><strong><em>δαιμόνων.</em></strong></span> 
     </span>
     <span class='ocr_line' id='line_1_4' title="bbox 121 587 991 678; baseline 0.005 -26"><span class='ocrx_word' id='word_1_17' title='bbox 121 602 201 654; x_wconf 85' lang='lat' dir='ltr'><strong><em>xOP.</em></strong></span> <span class='ocrx_word' id='word_1_18' title='bbox 219 589 319 678; x_wconf 68' lang='grc' dir='ltr'><strong><em>Ὑμήν</em></strong></span> <span class='ocrx_word' id='word_1_19' title='bbox 330 587 448 677; x_wconf 71' lang='grc' dir='ltr'><strong><em>Ὑμήν,</em></strong></span> <span class='ocrx_word' id='word_1_20' title='bbox 923 613 991 677; x_wconf 93' lang='grc' dir='ltr'><strong><em>στρ.</em></strong></span> 
     </span>
    </p>
   </div>
   <div class='ocr_carea' id='block_1_3' title="bbox 120 684 1077 2784">
    <p class='ocr_par' dir='ltr' id='par_1_3' title="bbox 120 684 1077 2784">
     <span class='ocr_line' id='line_1_5' title="bbox 220 684 1077 778; baseline -0.004 -19"><span class='ocrx_word' id='word_1_21' title='bbox 220 690 281 759; x_wconf 85' lang='grc' dir='ltr'><strong><em>τὰν</em></strong></span> <span class='ocrx_word' id='word_1_22' title='bbox 298 689 381 769; x_wconf 82' lang='grc' dir='ltr'><strong><em>Διὸς</em></strong></span> <span class='ocrx_word' id='word_1_23' title='bbox 398 686 560 778; x_wconf 82' lang='grc' dir='ltr'><strong><em>οὐρανίαν</em></strong></span> <span class='ocrx_word' id='word_1_24' title='bbox 576 684 733 777; x_wconf 84' lang='grc' dir='ltr'><strong><em>ἆείδομεν</em></strong></span> <span class='ocrx_word' id='word_1_25' title='bbox 1044 705 1077 756; x_wconf 81' lang='grc'><strong><em>15</em></strong></span> 
     </span>
     <span class='ocr_line' id='line_1_6' title="bbox 220 786 891 879; baseline -0.001 -21"><span class='ocrx_word' id='word_1_26' title='bbox 220 789 280 859; x_wconf 82' lang='grc' dir='ltr'><strong><em>ταν</em></strong></span> <span class='ocrx_word' id='word_1_27' title='bbox 293 787 444 878; x_wconf 76' lang='grc' dir='ltr'><strong><em>Ἐρώτων</em></strong></span> <span class='ocrx_word' id='word_1_28' title='bbox 461 788 617 876; x_wconf 82' lang='grc' dir='ltr'><strong><em>πότνιαν,</em></strong></span> <span class='ocrx_word' id='word_1_29' title='bbox 634 786 695 858; x_wconf 81' lang='grc' dir='ltr'><strong><em>τάν</em></strong></span> <span class='ocrx_word' id='word_1_30' title='bbox 712 793 891 879; x_wconf 81' lang='grc' dir='ltr'><strong><em>παρθένοις</em></strong></span> 
     </span>
     <span class='ocr_line' id='line_1_7' title="bbox 220 885 605 978; baseline -0.005 -19"><span class='ocrx_word' id='word_1_31' title='bbox 220 889 383 978; x_wconf 78' lang='grc' dir='ltr'><strong><em>γαμήλιον</em></strong></span> <span class='ocrx_word' id='word_1_32' title='bbox 398 885 605 976; x_wconf 74' lang='grc' dir='ltr'><strong><em>Ἀφροδίταν.</em></strong></span> 
     </span>
     <span class='ocr_line' id='line_1_8' title="bbox 220 984 907 1078; baseline -0.001 -20"><span class='ocrx_word' id='word_1_33' title='bbox 220 989 349 1076; x_wconf 86' lang='grc' dir='ltr'><strong><em>πόντια,</em></strong></span> <span class='ocrx_word' id='word_1_34' title='bbox 369 991 421 1058; x_wconf 79' lang='grc' dir='ltr'><strong><em>σοὶ</em></strong></span> <span class='ocrx_word' id='word_1_35' title='bbox 437 984 513 1057; x_wconf 85' lang='grc' dir='ltr'><strong><em>τάδ’</em></strong></span> <span class='ocrx_word' id='word_1_36' title='bbox 534 988 596 1076; x_wconf 78' lang='grc' dir='ltr'><strong><em>ἐγω</em></strong></span> <span class='ocrx_word' id='word_1_37' title='bbox 613 985 753 1078; x_wconf 75' lang='grc' dir='ltr'><strong><em>ννμφεί</em></strong></span> <span class='ocrx_word' id='word_1_38' title='bbox 772 986 907 1077; x_wconf 79' lang='grc' dir='ltr'><em>ὀφείλω,</em></span> 
     </span>
     <span class='ocr_line' id='line_1_9' title="bbox 220 1091 632 1177; baseline -0.002 -18"><span class='ocrx_word' id='word_1_39' title='bbox 220 1091 333 1177; x_wconf 78' lang='grc' dir='ltr'><strong><em>Κύπρι</em></strong></span> <span class='ocrx_word' id='word_1_40' title='bbox 349 1094 441 1159; x_wconf 80' lang='grc' dir='ltr'><strong><em>θεων</em></strong></span> <span class='ocrx_word' id='word_1_41' title='bbox 458 1097 632 1177; x_wconf 86' lang='grc' dir='ltr'><strong><em>καλλίστα,</em></strong></span> 
     </span>
     <span class='ocr_line' id='line_1_10' title="bbox 220 1190 533 1282; baseline -0.003 -23"><span class='ocrx_word' id='word_1_42' title='bbox 220 1194 266 1282; x_wconf 74' lang='grc' dir='ltr'><strong><em>τῷ</em></strong></span> <span class='ocrx_word' id='word_1_43' title='bbox 282 1219 317 1260; x_wconf 92' lang='grc' dir='ltr'><strong><em>τε</em></strong></span> <span class='ocrx_word' id='word_1_44' title='bbox 333 1190 463 1275; x_wconf 79' lang='grc' dir='ltr'><strong><em>νεόζνγι</em></strong></span> <span class='ocrx_word' id='word_1_45' title='bbox 484 1192 533 1282; x_wconf 77' lang='grc' dir='ltr'><strong><em>σῷ</em></strong></span> 
     </span>
     <span class='ocr_line' id='line_1_11' title="bbox 220 1288 761 1382; baseline 0.002 -24"><span class='ocrx_word' id='word_1_46' title='bbox 220 1288 331 1382; x_wconf 75' lang='grc' dir='ltr'><strong><em>πώλῳ,</em></strong></span> <span class='ocrx_word' id='word_1_47' title='bbox 349 1288 407 1359; x_wconf 84' lang='grc' dir='ltr'><strong><em>τόν</em></strong></span> <span class='ocrx_word' id='word_1_48' title='bbox 426 1295 462 1358; x_wconf 82' lang='grc' dir='ltr'><strong><em>ἐν</em></strong></span> <span class='ocrx_word' id='word_1_49' title='bbox 480 1293 591 1379; x_wconf 80' lang='grc' dir='ltr'><strong><em>αίθέρι</em></strong></span> <span class='ocrx_word' id='word_1_50' title='bbox 607 1290 761 1378; x_wconf 81' lang='grc' dir='ltr'><strong><em>κρύπτεις</em></strong></span> 
     </span>
     <span class='ocr_line' id='line_1_12' title="bbox 220 1389 580 1478; baseline 0.006 -21"><span class='ocrx_word' id='word_1_51' title='bbox 220 1395 290 1459; x_wconf 83' lang='grc' dir='ltr'><strong><em>σῶν</em></strong></span> <span class='ocrx_word' id='word_1_52' title='bbox 307 1389 423 1478; x_wconf 78' lang='grc' dir='ltr'><strong><em>νόμων</em></strong></span> <span class='ocrx_word' id='word_1_53' title='bbox 439 1392 580 1477; x_wconf 79' lang='grc' dir='ltr'><strong><em>γένναν·</em></strong></span> 
     </span>
     <span class='ocr_line' id='line_1_13' title="bbox 220 1485 991 1579; baseline 0.005 -21"><span class='ocrx_word' id='word_1_54' title='bbox 220 1485 243 1558; x_wconf 65' lang='grc' dir='ltr'><strong><em>δι’</em></strong></span> <span class='ocrx_word' id='word_1_55' title='bbox 258 1490 316 1560; x_wconf 85' lang='grc' dir='ltr'><strong><em>τὸν</em></strong></span> <span class='ocrx_word' id='word_1_56' title='bbox 332 1493 438 1579; x_wconf 82' lang='grc' dir='ltr'><strong><em>μέγαν</em></strong></span> <span class='ocrx_word' id='word_1_57' title='bbox 921 1486 991 1562; x_wconf 80' lang='grc' dir='ltr'><strong><em>όντ.</em></strong></span> 
     </span>
     <span class='ocr_line' id='line_1_14' title="bbox 220 1589 834 1681; baseline 0.005 -22"><span class='ocrx_word' id='word_1_58' title='bbox 220 1597 321 1661; x_wconf 82' lang='grc' dir='ltr'><strong><em>τᾶσδε</em></strong></span> <span class='ocrx_word' id='word_1_59' title='bbox 338 1589 464 1671; x_wconf 90' lang='grc' dir='ltr'><strong><em>πόλεως</em></strong></span> <span class='ocrx_word' id='word_1_60' title='bbox 481 1596 602 1680; x_wconf 73' lang='grc' dir='ltr'><strong><em>βασιλῆ</em></strong></span> <span class='ocrx_word' id='word_1_61' title='bbox 619 1589 834 1681; x_wconf 81' lang='grc' dir='ltr'><strong><em>ννμφεόεται,</em></strong></span> 
     </span>
     <span class='ocr_line' id='line_1_15' title="bbox 220 1689 793 1783; baseline 0.003 -24"><span class='ocrx_word' id='word_1_62' title='bbox 220 1689 461 1779; x_wconf 84' lang='grc' dir='ltr'><strong><em>ἆστερωποῑσιν</em></strong></span> <span class='ocrx_word' id='word_1_63' title='bbox 479 1691 627 1780; x_wconf 76' lang='grc' dir='ltr'><strong><em>δόμοισιν</em></strong></span> <span class='ocrx_word' id='word_1_64' title='bbox 642 1696 793 1783; x_wconf 79' lang='grc' dir='ltr'><strong><em>χρυσίοις</em></strong></span> 
     </span>
     <span class='ocr_line' id='line_1_16' title="bbox 220 1786 649 1883; baseline 0 -23"><span class='ocrx_word' id='word_1_65' title='bbox 220 1786 332 1880; x_wconf 81' lang='grc' dir='ltr'><strong><em>ἀρχόν,</em></strong></span> <span class='ocrx_word' id='word_1_66' title='bbox 350 1799 450 1880; x_wconf 80' lang='grc' dir='ltr'><strong><em>φίλον</em></strong></span> <span class='ocrx_word' id='word_1_67' title='bbox 464 1788 649 1883; x_wconf 87' lang='grc' dir='ltr'><strong><em>Ἀφροδίτα.</em></strong></span> 
     </span>
     <span class='ocr_line' id='line_1_17' title="bbox 221 1882 947 1982; baseline 0.004 -22"><span class='ocrx_word' id='word_1_68' title='bbox 221 1921 247 1958; x_wconf 92' lang='grc' dir='ltr'><strong><em>ω</em></strong></span> <span class='ocrx_word' id='word_1_69' title='bbox 264 1891 390 1982; x_wconf 79' lang='grc' dir='ltr'><strong><em>μάκαρ,</em></strong></span> <span class='ocrx_word' id='word_1_70' title='bbox 411 1922 436 1961; x_wconf 90' lang='grc' dir='ltr'><strong><em>ω</em></strong></span> <span class='ocrx_word' id='word_1_71' title='bbox 422 1882 614 1978; x_wconf 82' lang='grc' dir='ltr'><strong><em>βασιλέως</em></strong></span> <span class='ocrx_word' id='word_1_72' title='bbox 631 1900 750 1979; x_wconf 81' lang='grc' dir='ltr'><strong><em>μείζων</em></strong></span> <span class='ocrx_word' id='word_1_73' title='bbox 768 1889 815 1962; x_wconf 75' lang='grc' dir='ltr'><strong><em>ἔτ’</em></strong></span> <span class='ocrx_word' id='word_1_74' title='bbox 834 1890 947 1980; x_wconf 83' lang='grc' dir='ltr'><strong><em>ὄλβος·</em></strong></span> 
     </span>
     <span class='ocr_line' id='line_1_18' title="bbox 220 1987 551 2080; baseline 0.006 -20"><span class='ocrx_word' id='word_1_75' title='bbox 220 1987 256 2072; x_wconf 75' lang='grc' dir='ltr'><strong><em>ὃς</em></strong></span> <span class='ocrx_word' id='word_1_76' title='bbox 274 1993 360 2062; x_wconf 78' lang='grc' dir='ltr'><strong><em>θεὰν</em></strong></span> <span class='ocrx_word' id='word_1_77' title='bbox 377 1990 551 2080; x_wconf 86' lang='grc' dir='ltr'><strong><em>κηδενσεις</em></strong></span> 
     </span>
     <span class='ocr_line' id='line_1_19' title="bbox 220 2090 589 2180; baseline 0.005 -20"><span class='ocrx_word' id='word_1_78' title='bbox 220 2097 276 2160; x_wconf 84' lang='grc' dir='ltr'><strong><em>καὶ</em></strong></span> <span class='ocrx_word' id='word_1_79' title='bbox 292 2090 392 2180; x_wconf 92' lang='grc' dir='ltr'><strong><em>μόνος</em></strong></span> <span class='ocrx_word' id='word_1_80' title='bbox 409 2091 589 2174; x_wconf 84' lang='grc' dir='ltr'><strong><em>ἀθανατοις</em></strong></span> 
     </span>
     <span class='ocr_line' id='line_1_20' title="bbox 219 2188 1076 2282; baseline 0.008 -23"><span class='ocrx_word' id='word_1_81' title='bbox 219 2191 368 2279; x_wconf 80' lang='grc' dir='ltr'><strong><em>γαμβρός</em></strong></span> <span class='ocrx_word' id='word_1_82' title='bbox 387 2188 433 2261; x_wconf 88' lang='grc' dir='ltr'><strong><em>δι’</em></strong></span> <span class='ocrx_word' id='word_1_83' title='bbox 451 2191 610 2282; x_wconf 73' lang='grc' dir='ltr'><strong><em>ἀπείρονα</em></strong></span> <span class='ocrx_word' id='word_1_84' title='bbox 628 2209 728 2280; x_wconf 79' lang='grc' dir='ltr'><strong><em>γαῖαν</em></strong></span> <span class='ocrx_word' id='word_1_85' title='bbox 1013 2206 1017 2214; x_wconf 91' lang='grc'><strong>’</strong></span> <span class='ocrx_word' id='word_1_86' title='bbox 1041 2213 1076 2267; x_wconf 84' lang='grc'><strong><em>30</em></strong></span> 
     </span>
     <span class='ocr_line' id='line_1_21' title="bbox 220 2290 508 2381; baseline 0 -21"><span class='ocrx_word' id='word_1_87' title='bbox 220 2290 342 2372; x_wconf 83' lang='grc' dir='ltr'><strong><em>θνατὸς</em></strong></span> <span class='ocrx_word' id='word_1_88' title='bbox 359 2290 508 2381; x_wconf 79' lang='grc' dir='ltr'><strong><em>ὑμνήσει.</em></strong></span> 
     </span>
     <span class='ocr_line' id='line_1_22' title="bbox 120 2389 1000 2483; baseline 0.014 -31"><span class='ocrx_word' id='word_1_89' title='bbox 120 2400 205 2453; x_wconf 74' lang='grc' dir='ltr'><strong><em>ΜΕΡ.</em></strong></span> <span class='ocrx_word' id='word_1_90' title='bbox 223 2389 322 2480; x_wconf 77' lang='grc' dir='ltr'><strong><em>χώρει</em></strong></span> <span class='ocrx_word' id='word_1_91' title='bbox 339 2389 382 2460; x_wconf 84' lang='grc' dir='ltr'><strong><em>σδ</em></strong></span> <span class='ocrx_word' id='word_1_92' title='bbox 399 2394 455 2461; x_wconf 80' lang='grc' dir='ltr'><strong><em>καὶ</em></strong></span> <span class='ocrx_word' id='word_1_93' title='bbox 472 2389 568 2461; x_wconf 80' lang='grc' dir='ltr'><strong><em>τάσδ’</em></strong></span> <span class='ocrx_word' id='word_1_94' title='bbox 589 2400 636 2473; x_wconf 90' lang='grc' dir='ltr'><strong><em>είς</em></strong></span> <span class='ocrx_word' id='word_1_95' title='bbox 654 2391 775 2481; x_wconf 77' lang='grc' dir='ltr'><strong><em>δόμους</em></strong></span> <span class='ocrx_word' id='word_1_96' title='bbox 792 2391 885 2482; x_wconf 77' lang='grc' dir='ltr'><strong><em>ἄγων</em></strong></span> <span class='ocrx_word' id='word_1_97' title='bbox 902 2395 1000 2483; x_wconf 84' lang='grc' dir='ltr'><strong><em>κόρας</em></strong></span> 
     </span>
     <span class='ocr_line' id='line_1_23' title="bbox 210 2488 917 2581; baseline 0.007 -23"><span class='ocrx_word' id='word_1_98' title='bbox 210 2488 352 2576; x_wconf 79' lang='grc' dir='ltr'><strong><em>-γνναῑκ’</em></strong></span> <span class='ocrx_word' id='word_1_99' title='bbox 372 2489 501 2581; x_wconf 76' lang='grc' dir='ltr'><strong><em>ἄνωχθι</em></strong></span> <span class='ocrx_word' id='word_1_100' title='bbox 518 2495 597 2562; x_wconf 80' lang='grc' dir='ltr'><strong><em>πασι</em></strong></span> <span class='ocrx_word' id='word_1_101' title='bbox 614 2509 683 2573; x_wconf 80' lang='grc' dir='ltr'><strong><em>τοῖς</em></strong></span> <span class='ocrx_word' id='word_1_102' title='bbox 700 2493 783 2564; x_wconf 79' lang='grc' dir='ltr'><strong><em>κατὰ</em></strong></span> <span class='ocrx_word' id='word_1_103' title='bbox 801 2497 917 2581; x_wconf 79' lang='grc' dir='ltr'><strong><em>στέγας</em></strong></span> 
     </span>
     <span class='ocr_line' id='line_1_24' title="bbox 220 2593 974 2685; baseline 0.008 -26"><span class='ocrx_word' id='word_1_104' title='bbox 220 2602 313 2670; x_wconf 80' lang='grc' dir='ltr'><strong><em>θεοῖς</em></strong></span> <span class='ocrx_word' id='word_1_105' title='bbox 330 2597 485 2680; x_wconf 83' lang='grc' dir='ltr'><strong><em>χορεῦσαι</em></strong></span> <span class='ocrx_word' id='word_1_106' title='bbox 503 2596 558 2662; x_wconf 84' lang='grc' dir='ltr'><strong><em>καλ</em></strong></span> <span class='ocrx_word' id='word_1_107' title='bbox 576 2593 812 2664; x_wconf 75' lang='grc' dir='ltr'><strong><em>κυκλώσασθαι</em></strong></span> <span class='ocrx_word' id='word_1_108' title='bbox 830 2594 974 2685; x_wconf 89' lang='grc' dir='ltr'><strong><em>δόμους</em></strong></span> 
     </span>
     <span class='ocr_line' id='line_1_25' title="bbox 221 2691 1075 2784; baseline 0.012 -26"><span class='ocrx_word' id='word_1_109' title='bbox 221 2708 391 2778; x_wconf 80' lang='grc' dir='ltr'><strong><em>σεμνοῖσιν</em></strong></span> <span class='ocrx_word' id='word_1_110' title='bbox 407 2691 625 2780; x_wconf 76' lang='grc' dir='ltr'><strong><em>ὑμεναίοισιν,</em></strong></span> <span class='ocrx_word' id='word_1_111' title='bbox 639 2692 766 2775; x_wconf 87' lang='grc' dir='ltr'><strong><em>Εστίας</em></strong></span> <span class='ocrx_word' id='word_1_112' title='bbox 783 2693 821 2765; x_wconf 92' lang='grc' dir='ltr'><strong><em>θ</em></strong></span> <span class='ocrx_word' id='word_1_113' title='bbox 842 2699 927 2784; x_wconf 76' lang='grc' dir='ltr'><strong><em>ἕδος,</em></strong></span> <span class='ocrx_word' id='word_1_114' title='bbox 1039 2713 1075 2768; x_wconf 78' lang='grc'><strong><em>85</em></strong></span> 
     </span>
    </p>
   </div>
   <div class='ocr_carea' id='block_1_4' title="bbox 220 2782 848 2930">
    <p class='ocr_par' dir='ltr' id='par_1_4' title="bbox 220 2782 848 2930">
     <span class='ocr_line' id='line_1_26' title="bbox 220 2782 848 2930; baseline 0.017 -73"><span class='ocrx_word' id='word_1_115' title='bbox 220 2787 281 2930; x_wconf 83' lang='lat' dir='ltr'><em>o’cP&#39;</em></span> <span class='ocrx_word' id='word_1_116' title='bbox 299 2782 338 2878; x_wconf 79' lang='grc' dir='ltr'><strong><em>ἧς</em></strong></span> <span class='ocrx_word' id='word_1_117' title='bbox 356 2820 394 2879; x_wconf 80' lang='grc' dir='ltr'><strong><em>γε</em></strong></span> <span class='ocrx_word' id='word_1_118' title='bbox 415 2791 560 2883; x_wconf 77' lang='grc' dir='ltr'><strong><em>σαόφρων</em></strong></span> <span class='ocrx_word' id='word_1_119' title='bbox 577 2821 640 2875; x_wconf 93' lang='grc' dir='ltr'><strong><em>πας</em></strong></span> <span class='ocrx_word' id='word_1_120' title='bbox 658 2824 700 2864; x_wconf 90' lang='grc' dir='ltr'><strong><em>αν</em></strong></span> <span class='ocrx_word' id='word_1_121' title='bbox 717 2792 848 2884; x_wconf 82' lang='grc' dir='ltr'><strong><em>ἆρχετ</em></strong></span> 
     </span>
    </p>
   </div>
   <div class='ocr_carea' id='block_1_5' title="bbox 120 3394 962 3586">
    <p class='ocr_par' dir='ltr' id='par_1_5' title="bbox 120 3394 962 3586">
     <span class='ocr_line' id='line_1_27' title="bbox 219 3394 962 3484; baseline 0.01 -24"><span class='ocrx_word' id='word_1_122' title='bbox 219 3395 301 3471; x_wconf 80' lang='grc' dir='ltr'><strong><em>θεοῖς</em></strong></span> <span class='ocrx_word' id='word_1_123' title='bbox 319 3403 520 3481; x_wconf 84' lang='grc' dir='ltr'><strong><em>προσελθεῖν</em></strong></span> <span class='ocrx_word' id='word_1_124' title='bbox 536 3394 670 3481; x_wconf 91' lang='grc' dir='ltr'><strong><em>τεμενος</em></strong></span> <span class='ocrx_word' id='word_1_125' title='bbox 684 3398 752 3476; x_wconf 76' lang='grc' dir='ltr'><strong><em>ἐξ’</em></strong></span> <span class='ocrx_word' id='word_1_126' title='bbox 735 3423 823 3484; x_wconf 90' lang='grc' dir='ltr'><strong><em>εμων</em></strong></span> <span class='ocrx_word' id='word_1_127' title='bbox 842 3397 962 3483; x_wconf 91' lang='grc' dir='ltr'><strong><em>δόμων.</em></strong></span> 
     </span>
     <span class='ocr_line' id='line_1_28' title="bbox 120 3492 950 3586; baseline 0.016 -29"><span class='ocrx_word' id='word_1_128' title='bbox 120 3501 202 3552; x_wconf 88' lang='grc' dir='ltr'><strong><em>ΘΕΡ</em></strong></span> <span class='ocrx_word' id='word_1_129' title='bbox 221 3519 246 3558; x_wconf 92' lang='grc' dir='ltr'><strong><em>ω</em></strong></span> <span class='ocrx_word' id='word_1_130' title='bbox 264 3495 380 3584; x_wconf 81' lang='grc' dir='ltr'><strong><em>ποίτορ,</em></strong></span> <span class='ocrx_word' id='word_1_131' title='bbox 398 3492 528 3584; x_wconf 83' lang='grc' dir='ltr'><strong><em>ε”στρεψ</em></strong></span> <span class='ocrx_word' id='word_1_132' title='bbox 550 3496 586 3562; x_wconf 81' lang='grc' dir='ltr'><strong><em>ἐκ</em></strong></span> <span class='ocrx_word' id='word_1_133' title='bbox 605 3493 716 3584; x_wconf 91' lang='grc' dir='ltr'><strong><em>δόμων</em></strong></span> <span class='ocrx_word' id='word_1_134' title='bbox 731 3497 835 3586; x_wconf 83' lang='grc' dir='ltr'><strong><em>ταχδν</em></strong></span> <span class='ocrx_word' id='word_1_135' title='bbox 852 3497 950 3570; x_wconf 86' lang='grc' dir='ltr'><strong><em>πόδα.</em></strong></span> 
     </span>
    </p>
   </div>
   <div class='ocr_carea' id='block_1_6' title="bbox 0 0 1208 3862">
    <p class='ocr_par' dir='ltr' id='par_1_6' title="bbox 0 0 1208 3862">
     <span class='ocr_line' id='line_1_29' title="bbox 0 0 1208 3862; baseline 0 0"><span class='ocrx_word' id='word_1_136' title='bbox 0 0 1208 3862; x_wconf 95' lang='lat' dir='ltr'><strong><em> </em></strong></span> 
     </span>
    </p>
   </div>
  </div>
 </body>
</html>
