2408 3862
478 196 726 249 ΦΙΛΟΚΤΗΤΗΣ
828 276 837 287 ,
1015 195 1077 262 217

119 363 219 447 τόνγε
238 367 392 464 διαπορῶν
410 355 539 445 ῦπλρ
500 367 609 441 αυτοῦ,
630 358 671 445 μή
685 358 744 464 άρα
766 364 841 466 δοκῇ
854 363 909 445 μὲν
928 370 990 464 τοῖς
1009 371 1079 426 πολ·

119 457 182 524 λοῑς
201 444 294 528 σοφός
308 473 354 523 τις
374 445 518 511 εἶναικαὶ
514 441 736 552 διαφέρων
704 473 759 526 την
772 447 908 524 σύνεσιν,
929 433 996 533 666
1009 443 1078 511 τοῦ·

119 537 208 596 ναντί
206 557 250 597 ον.
285 538 379 632 312:
406 527 523 606 ἐξόν
489 556 546 613 γαρ
566 526 649 616 αύτῶ
668 525 787 607 άλύπως
807 528 900 594 καί’
883 530 1079 612 απραγμόνως

120 621 190 719 ζήη,
212 612 281 679 666
267 609 381 678 ὲέκῶν
400 609 446 676 άελ
468 614 500 676 ἐν
520 594 672 696 πράγμασι
692 615 744 677 καί
764 611 917 690 κινδύνοις
938 618 1079 696 γίγνεται.

119 697 227 762 τούτου
243 701 274 762 δὲ
290 698 430 777 φησλν”
392 721 489 760 αιτιον
504 694 581 760 εἶναι
595 723 669 794 την
659 722 720 760 των
734 721 863 778 ευφνων
868 724 920 761 και
911 698 1079 806 γενναίων

120 780 240 886 ἀνδρῶν
261 785 440 882 φιλοτιμίαν.
471 777 557 884 δόξης
570 777 632 885 γάρ
652 772 808 864 άγαθῆςέ
808 808 843 862 φι
844 784 941 864 ἐμενοι
960 783 1012 844 καὶ
1027 787 1079 844 τοῦ

120 862 249 942 εὐκλεεῖς
269 860 350 947 παρά
369 869 460 927 πᾶσιν
453 861 646 969 ἆνθρβιτοις
666 862 743 929 εἶναι
757 869 910 967 μεγίστους
930 867 981 928 καὶ
996 872 1078 946 χαλε-

120 950 270 1024 πωτάτους
291 948 408 1023 ἑκόντες
421 946 530 1024 πόνους
549 943 738 1028 ὑφίστανται
760 943 917 1053 (οῦδέη-
935 950 1011 1028 ἐφν’
1034 956 1077 1028 (fr.

122 1043 198 1113 786,
202 1041 253 1134 1.)
285 1035 384 1096 ἔπειτα
398 1037 498 1111 σαφῶς
513 1032 565 1095 καί
579 1029 711 1135 άκριβῶς
727 1029 861 1114 δηλοῖ
830 1059 897 1135 την
899 1056 951 1096 τον
938 1027 1078 1114 δράμα-

120 1143 170 1193 τος
190 1084 340 1180 ῦπόθεσιν
365 1118 415 1178 καλ
441 1112 480 1179 οῦ
505 1117 606 1180 ἕνεκεν
631 1115 778 1218 ἐλήλυθεν
801 1120 842 1192 εἰς
867 1112 920 1196 τήν
942 1121 1079 1195 Λήμνον.

121 1211 155 1301 S
160 1209 214 1266 13.
239 1205 316 1280 φησί
332 1223 363 1262 τε
383 1194 443 1263 ῦπὸ
462 1204 515 1278 τῆς
530 1193 663 1281 Ἀθηνᾶς
682 1195 881 1280 ἠλλοιῶσθαι,
903 1197 975 1264 ῶστε
996 1202 1079 1263 ἐντυ-

121 1282 254 1370 χόντα
225 1310 265 1346 τω
254 1282 455 1370 Φιλοκτήτη
468 1281 510 1385 μη
522 1282 728 1387 γνωσθήηαι“
711 1282 759 1347 υπ’
775 1282 867 1349 αὐτοῦ
881 1320 933 1349 -.
962 1288 1057 1388 φησί
1049 1307 1079 1346 τε

121 1371 278 1451 πρεσβείαν
298 1369 412 1447 μέλλειν
432 1364 512 1448 παρά
526 1374 586 1432 τῶν
594 1367 712 1472 Τρῶων
732 1365 929 1471 άφικνεῖσθαι
941 1364 1014 1450 πρός
1028 1364 1080 1429 τὸν

124 1451 312 1530 Φιλοκτήτην
331 1455 509 1532 δεησομένην
529 1447 620 1516 αῦτόν
635 1453 729 1516 τεκαὶ
745 1478 781 1515 τα
773 1447 870 1516 δ’πλα
885 1453 1008 1526 ἐκείνοις
1022 1475 1079 1513 πα-

122 1544 240 1620 ρασχεῖν
253 1536 353 1598 ἐπὶ
317 1561 354 1622 τη
369 1546 422 1616 τῆς
436 1539 541 1639 Τροίας
552 1542 695 1639 βασιλείᾳ,
708 1536 916 1638 ποικιλώτερον
932 1561 964 1599 το
955 1531 1080 1641 δρᾶμα

121 1617 348 1693 κατασκευάζων
363 1645 414 1681 και
405 1615 613 1723 άνευρίσμων
626 1619 721 1703 λόγων
732 1613 882 1725 άφορμάς,
899 1613 971 1684 καθ’
988 1615 1025 1694 ῦς
1040 1622 1080 1694 εἰς

121 1701 263 1767 τάναντία
277 1699 472 1784 ἐπιγειρῶν’
442 1702 642 1807 ενπορῶτατος
657 1705 706 1766 καλ
726 1702 797 1785 παρ’
815 1699 952 1768 ὁντινοῦν
968 1702 1079 1766 ἱκανοί-

121 1813 206 1863 τατος
220 1793 366 1867 φαίνεται.
396 1791 465 1889 6
431 1794 485 1850 14:
506 1783 541 1849 οῦ
542 1787 650 1890 μόνον
665 1787 697 1850 δέ
717 1782 903 1867 πεποίηκε
872 1813 925 1851 τον
941 1781 1081 1889 Ὀδυσσέα

122 1868 375 1976 παραγινόμεηογ,
394 1865 469 1933 αλλά
483 1868 554 1971 μετά
575 1896 627 1934 του
614 1872 869 1952 Διομήδονς-
828 1873 937 1935 -καὶ
951 1867 983 1933 τό
998 1866 1080 1949 ὅλον,

122 1951 162 2031 ῶς
177 1958 265 2036 ἐφην,
281 1949 322 2017 δι’
339 1951 409 2017 ὅλον
422 1978 475 2017 του
463 1950 635 2035 δράματος
648 1956 833 2034 πλείστην
801 1981 855 2035 μεν
870 1957 902 2061 ἐμ
915 1963 976 2028 τοῖς
990 1953 1081 2036 πράγ-

121 2060 192 2121 μασι
214 2039 332 2102 σύνεσιν
352 2039 404 2100 καλ
426 2036 618 2142 πιθανότητα
639 2036 890 2139 ε’μιδείκνυιαι,’
874 2034 1027 2121 αμήχανον
1049 2039 1081 2101 δὲ

122 2126 174 2186 καὶ
190 2117 387 2223 θαυμαστήν
389 2123 422 2185 ἐν
436 2129 496 2196 τοῖς
510 2119 607 2202 λόγοις
623 2120 767 2200 δύναμιν,
790 2123 891 2184 μαλ’
855 2148 890 2185 τα
911 2146 942 2184 τε
963 2123 1082 2220 ἰαμβεῖα

122 2211 225 2307 σαφῶς
244 2207 296 2269 καλ
316 2200 392 2267 κατά
413 2203 507 2306 φύσιν
526 2206 577 2267 καὶ
597 2210 756 2304 πολιτικῶς
772 2206 874 2307 ἔχοντα
892 2206 943 2267 καλ
958 2198 994 2265 τά
1008 2205 1081 2283 μέλη

125 2284 161 2351 οῦ
172 2291 265 2369 μόνον
279 2284 403 2367 ἡδονήν,
413 2283 486 2351 άλλά
495 2290 545 2350 καὶ
560 2282 672 2367 πολλήν
683 2285 755 2368 πρός
766 2282 874 2370 άρετήν
885 2284 1080 2388 παράκλησιν.

124 2380 189 2436 adde
209 2381 329 2437 eiusdem
350 2380 441 2434 Dionis
463 2380 601 2452 chrysost.
623 2387 692 2434 orat
713 2378 752 2436 59
774 2390 1020 2441 ΦΙΛΟΚΤΗΤΗΣ
1041 2378 1083 2432 in·

123 2464 262 2536 scriptam,
278 2480 358 2536 quam
373 2465 505 2535 integram
518 2439 677 2519 subicimus.

188 2559 252 2616 OA
282 2559 445 2653 Φοβοῦμαι
454 2552 497 2635 μή
510 2578 580 2617 ποτε
594 2554 692 2634 μάτην
707 2578 761 2616 κατ
763 2550 862 2634 ’ἐμοῦ
881 2559 1006 2653 φανῶσι
1012 2550 1083 2617 ταύ·

122 2663 177 2718 την
198 2642 229 2700 ολ
237 2638 406 2740 σύμμαχοι
414 2631 469 2716 τήν
492 2636 581 2714 δόξαν
602 2636 794 2716 είληφοτες“
772 2664 812 2713 ως
831 2636 951 2743 άρίοτον
974 2631 1010 2716 δή
1031 2664 1081 2700 και

122 2719 297 2800 σοφωτάτου
321 2716 559 2826 τῶνἙλλήνων.
588 2726 685 2785 καίτοι
704 2725 834 2796 ποίατις
855 2716 875 2800 6
896 2720 1017 2824 τοιαύτη
1032 2743 1081 2783 σο-

123 2810 178 2885 φία
192 2807 243 2869 καὶ
249 2803 417 2905 φρόνησις,
435 2799 509 2868 δι”
489 2831 528 2885 ην
542 2831 585 2882 τις
600 2802 795 2888 άναγκάζεται
809 2810 901 2869 πλείω
914 2809 974 2868 τῶν
985 2801 1083 2869 άλλων

122 2898 226 2952 πονεῖν
240 2883 372 2971 ὑπὲρ
336 2915 387 2968 της
401 2894 504 2971 κοινής
524 2893 635 2999 οωτηρί
633 2917 668 2965 ας
622 2890 785 2953 ίίκαλ
753 2894 854 2968 νίκης,
876 2885 941 2964 ἐξὸν
956 2889 1009 2952 ἕνα
1028 2895 1084 2952 τοῦ

122 2970 259 3074 πλήθους
284 2977 428 3035 δοκοῦντα
449 2969 574 3054 μηδενός
593 2976 714 3037 ἔλαττον
734 2973 767 3035 ἐν
785 2971 901 3047 τούτοις
926 2975 1005 3071 ἕχειη
1024 2976 1085 3035 τῶν

122 3052 263 3135 άρίστων;
284 3050 358 3120 άλλά
377 3052 433 3161 γάρ
454 3060 525 3132 ἴσως
540 3052 667 3160 χαλεμόν
688 3050 786 3138 εῦρεῖν
800 3053 877 3119 οῦτω
896 3051 1084 3157 μεγαλόφρον

122 3142 174 3203 καλ
195 3136 393 3222 φιλότιμον“
377 3145 479 3204 οτιοῦν
502 3140 542 3215 ῶς
562 3136 639 3224 άνήρ
658 3142 801 3219 πέφνκεν.
832 3133 900 3213 τοῦς
907 3136 976 3239 γάρ
991 3163 1082 3218 φανε-

123 3218 193 3306 ρούς
220 3227 270 3287 καὶ
296 3227 445 3288 πλειόνων
469 3224 617 3288 ἅπτεσθαι
642 3228 810 3326 τολμῶντας
835 3215 937 3324 σγεδὸν
963 3219 1083 3295 τούτους

122 3308 230 3414 πάντες
249 3308 440 3414 θαυμάζομεν
455 3309 505 3370 καλ
527 3313 571 3371 τῶ
585 3305 650 3370 ὄντι
665 3303 776 3386 άνδρας
789 3301 956 3405 ήγούμεθα
987 3313 1015 3370 2.
1031 3299 1081 3383 ὑφ’

123 3382 160 3471 ής
175 3397 344 3471 φιλοτιμίας
359 3388 442 3495 κάγῶ
451 3372 637 3494 προάγομαι
637 3397 756 3452 πλεῖστα
769 3386 926 3491 πράγματα
940 3390 1017 3469 ἐχειν
1031 3389 1082 3451 καί

123 3477 178 3554 ζῆν
193 3473 341 3550 ἐπιπόνως
356 3473 425 3559 παρ’
445 3469 600 3553 όνιινοῦν,
621 3469 670 3537 άεί
681 3499 749 3537 τινα
767 3471 998 3556 προσδεχόμενος
1017 3499 1082 3536 και·
