2408 3862
430 176 678 237 ΑΛΕΞΑΝΔΡΟΣ
996 177 1034 244 11

86 343 263 496 μὶιιὸχρὲρχον
289 343 369 409 τιόδα
400 370 432 409 ex
457 353 585 427 Euripide
614 359 808 410 commemorat
832 353 907 410 Eust.
935 351 1035 426 Opuse.

86 465 99 495 ·.
159 481 168 511 ,
226 481 233 495 .

530 548 574 612 44

174 654 299 726 παλαιοὶ
317 672 445 736 καινοῖς
464 653 621 745 δακρύοις
638 652 677 725 οὐ
696 653 758 745 χρῆ
777 657 915 725 στένειν.

137 773 214 831 stoh.
230 773 303 831 Flor.
321 772 392 846 124,
408 773 458 832 20.

531 884 574 948 45

123 1010 156 1067 Α.
174 988 260 1061 οἶδ’·
280 988 363 1060 ἀλλὰ
381 989 542 1079 κάμπτειν
559 997 604 1084 τῷ
623 989 732 1084 χρόνῳ
750 987 857 1071 λιῗιτας
875 987 992 1080 χρεόν.

122 1111 152 1166 Β.
174 1095 388 1182 χρῆν·τοῦτο
408 1087 441 1161 δ’
462 1098 569 1162 εἰπεῖν
588 1095 673 1183 ῥᾷον
690 1086 711 1180 ῆ
730 1092 847 1181 φέρειν
864 1089 957 1162 κακά.

136 1209 212 1266 Stoh.
232 1209 305 1266 Flor.
330 1209 404 1281 114,
425 1209 453 1267 7.
489 1211 566 1282 prior
592 1225 687 1266 versus
707 1210 806 1265 Priami
832 1209 939 1266 videtur
964 1223 1035 1282 esse,

86 1293 142 1351 lter
155 1294 293 1351 Hecubae:
308 1292 371 1351 libri
386 1309 565 1368 personarum
581 1301 661 1350 notas
677 1310 731 1351 om.

531 1439 572 1503 46

174 1543 252 1616 ὥστ’
277 1543 368 1627 οὔτις
385 1543 520 1636 ἀνδρῶν
545 1552 592 1627 εἰς
608 1541 731 1615 ἅπαντ’
751 1543 949 1635 εὐδαιμονεὶ

138 1665 215 1721 stob.
230 1664 305 1720 mor.
323 1663 394 1735 105,
410 1662 461 1720 33.

533 1774 574 1838 47

175 1882 310 1953 πάντων
327 1882 363 1953 τὸ
381 1894 518 1952 θανεῖν·
537 1879 575 1951 τὸ
594 1881 632 1951 δὲ
649 1879 764 1952 κοινόν
782 1877 859 1970 ἄχος

175 1992 314 2073 μετρίως
332 1982 447 2071 ἀλγεῖν
471 1988 574 2070 σοφία
590 1987 718 2074 μελετᾷ.

138 2100 215 2158 smh.
231 2100 305 2157 δΙοι.
323 2101 393 2173 108,
411 2101 460 2157 17.

534 2211 576 2276 48

176 2316 258 2389 ὅθεν
277 2320 313 2388 δὲ
331 2322 428 2389 νικοέν
446 2321 531 2408 χρῆν
548 2340 596 2406 σε,
617 2325 803 2407 δυστυχεῖς,
823 2313 921 2398 ἅναξ·

177 2419 260 2490 ὅθεν
279 2422 320 2489 δέ
333 2417 366 2489 σ’
386 2415 427 2489 οὐ
447 2423 542 2510 χρῆν,
564 2418 722 2507 εὐτυχεῖς.
743 2415 892 2488 δούλοισι
909 2414 973 2507 γὰρ

176 2539 244 2603 τοῖς
262 2537 350 2591 σοῖσι
366 2523 477 2612 νικᾷς,
496 2535 564 2601 τοῖς
584 2516 617 2589 δ’
638 2520 865 2608 ἐλευθέρωσιν
883 2515 933 2590 οὕ.

140 2637 216 2696 Stob.
231 2638 304 2695 mor.
319 2639 350 2711 4,
366 2638 416 2695 32.

534 2733 577 2798 49

178 2840 279 2927 σοφὰς
298 2841 360 2929 μὲν
377 2831 441 2911 οὖν
460 2841 500 2927 εδ,
520 2837 659 2930 Πρίαμ’,
677 2838 764 2928 ὅμως
783 2840 825 2910 δέ
837 2860 890 2910 σοι
908 2840 1009 2927 λέγω·

178 2941 302 3012 δούλου
319 2949 524 3032 φρονοῦντος
542 2946 668 3029 μᾶλλον
691 2937 712 3028 ῆ
730 2956 870 3029 φρονεῖν
887 2937 994 3030 χρεοδν

178 3041 240 3112 οὐκ
259 3051 348 3112 ἔστιν
366 3040 469 3132 ἄχθος
487 3051 598 3132 μεῖζον
616 3040 696 3112 οὐδὲ
715 3040 843 3128 δώμασι

178 3148 291 3231 κτῆσις
308 3153 435 3214 κακίων
452 3141 526 3214 οὐδ’
543 3143 804 3233 δινωφελεστέρα.

140 3261 216 3318 sm.
233 3259 306 3319 mor.
322 3261 374 3335 m,
390 3260 439 3319 14.

535 3375 577 3439 50

178 3478 330 3572 ῆλεχχον·
350 3479 438 3554 οὕτω
456 3482 519 3573 γὰρ
538 3481 642 3552 κακὸν
659 3477 792 3550 δούλων
809 3481 919 3570 γένος·
