2408 3862
499 215 700 268 ΕΡΕΧΘΕΤΣ

223 393 356 480 πρῶτον
373 389 499 478 φρένας
516 389 578 477 μέν
595 386 716 476 ἠπίους
733 395 820 477 ἔχειν
837 386 961 479 χρεάν·

223 496 270 583 τῷ
286 497 436 583 πλουσίῳ
454 517 490 559 τε
506 493 551 583 τςό
569 516 605 558 τε
622 488 667 578 μη
685 487 800 569 διδοάς
817 492 915 578 μέρος

224 604 297 662 ἴσον
315 590 455 661 σεαυτὸν
474 585 628 679 εὐσεβεῖν
645 597 748 662 πᾶσιν
767 596 873 660 δίδου.

224 699 321 763 δυοίν
338 689 517 782 παρόντοιν
535 690 742 779 πραγμάτοιν
759 688 841 782 πρὸς
858 691 1003 782 θάτερον

224 792 360 883 γνάμην
377 790 578 882 προσάπτων
594 792 655 878 τὴν
674 796 828 863 ἐναντίαν
844 794 955 880 μέθες.
1051 811 1084 865 10

223 893 347 975 ἀδίκως
366 895 403 963 δέ
419 891 464 983 μὴ
481 900 548 963 κτῶ
566 890 715 982 χρήματ’,
734 887 776 981 ῇυ
794 891 900 984 βαάλη
918 892 1026 963 πολύν

224 995 345 1084 χρόνον
361 993 540 1085 μελάθροις
560 996 727 1082 ἐμμένειν
746 993 786 1064 τά
803 990 868 1083 γάρ
885 999 993 1075 κακῶς

223 1107 336 1179 οίκους
354 1090 521 1166 ἐσελθόντ’
540 1091 603 1164 οάκ
620 1103 686 1184 ἔχει
703 1103 879 1183 σωτηρίαν.

224 1204 311 1286 ἔχειν
330 1198 367 1266 δέ
384 1199 502 1284 πειρῶ·
521 1200 618 1266 τοδτο
636 1195 699 1287 γάρ
717 1193 755 1265 τό
772 1195 798 1265 τ’
819 1192 953 1284 εὐγενές

224 1301 279 1368 καὶ
296 1296 373 1379 τοδς
390 1297 517 1386 γάμους
535 1304 653 1367 δίδωσι
671 1296 748 1377 τοὺς
766 1295 917 1385 κράτους
936 1303 1031 1388 ἔχειν.
1053 1317 1084 1369 15

225 1402 262 1468 ἐν
278 1403 324 1493 τῷ
341 1400 504 1469 πένεσθαι
523 1394 552 1467 δ
571 1402 662 1468 ἐστὶν
678 1396 700 1486 ῇ
717 1396 741 1467 τ’
762 1397 890 1488 άδοξία,

224 1497 287 1569 κάν
304 1491 325 1590 ῇ
344 1497 446 1589 σοφός
463 1528 524 1588 τις,
542 1497 564 1587 ῇ
580 1496 605 1569 τ’
625 1497 738 1587 άτιμία
755 1507 842 1587 βίου.

224 1609 343 1689 φίλους
363 1602 400 1670 δέ
417 1599 494 1682 τοὺς
512 1601 574 1688 μέν
590 1599 634 1690 μῇ
651 1604 821 1690 χαλῶντας
840 1605 876 1670 ἐν
894 1599 1002 1690 λόγοις

224 1706 379 1791 κέκτησο·
398 1701 475 1782 τους
493 1702 531 1771 δὲ
548 1700 629 1789 πρὸς
647 1700 744 1791 χάριν
761 1701 828 1770 σδυ
845 1700 952 1792 ἡδονῇ

222 1807 266 1892 τῇ
283 1810 325 1892 σῇ
343 1800 508 1891 πονηροὺς
526 1807 676 1892 κλῇθρον
694 1805 830 1893 εἰργέτω
847 1805 973 1892 στέγης.
1050 1821 1085 1875 20

222 1902 354 1992 ὁμιλίας
370 1932 406 1973 τε
422 1902 479 1984 τάς
495 1905 686 1994 γεραιτέρας
703 1910 805 1991 φίλει,

223 2002 389 2075 άκόλαστα
409 2002 435 2073 δ’
455 2001 525 2092 ῇθη
542 2003 677 2095 λαμπρά
695 2007 862 2092 συγγελᾶν
879 2002 984 2092 μόνον

223 2112 326 2194 μίσει·
346 2114 484 2194 βραχεῖα
501 2106 613 2194 τέρψις
631 2103 754 2192 ἡδονῆς
772 2108 883 2193 κακῇς.

224 2209 356 2297 ἐξουσίᾳ
375 2207 412 2275 δέ
429 2202 544 2294 μήποτ’
566 2203 723 2295 ἐντυχάν,
741 2208 870 2294 τέκνον,

223 2307 379 2397 αίσχροάς
398 2313 521 2396 ἔρωτας
536 2311 688 2394 δημοτῶν
702 2312 895 2376 διωκαθείν.
1050 2325 1084 2378 25

223 2405 241 2478 δ
259 2410 315 2477 καὶ
334 2413 474 2496 σίδηρον
491 2405 633 2496 άγχόνας
651 2402 676 2476 τ’
697 2408 879 2494 ἐφέλκεται,

223 2513 375 2598 χρηστῶν
392 2506 545 2597 πενήτων
561 2506 604 2598 ῇν
620 2537 669 2589 τις
687 2505 829 2598 αίσχάνη
848 2509 957 2577 τέκνα.

223 2609 371 2690 καὶτοὺς
389 2608 554 2700 πουηροδς
572 2606 684 2698 μήποτ’
706 2604 817 2691 αδξαά
838 2611 875 2678 ἐν
891 2606 1000 2679 πόλει·

222 2712 319 2781 κακοὶ
335 2709 398 2800 γάρ
417 2713 663 2799 ἐμπλησθέντες
680 2704 701 2798 ῇ
718 2717 919 2798 νομίσματος

223 2807 244 2900 ῇ
262 2810 378 2891 πόλεος
396 2811 593 2900 ἐμπεσόντες
611 2818 658 2892 είς
675 2807 782 2901 άρχήν
798 2839 873 2881 τινα
1049 2826 1084 2882 30

222 2915 411 3000 σκιρτοὶσιν,
429 2909 558 3000 ἀδόκητ’
579 2910 834 3001 εὐτυχησάντων
853 2909 973 3001 δόμων.

222 3009 291 3082 ἀλλ’
312 3004 472 3083 άτέκνον
488 3042 544 3101 μοι
563 3010 619 3094 δός
636 3009 715 3103 χέρ’,
734 3007 777 3094 οἱς
794 3020 878 3101 θίγη
895 3011 1015 3102 πατήρ,

223 3116 278 3183 καὶ
296 3109 398 3202 χαῖρ’·
416 3108 471 3182 ὑπ’
491 3120 608 3195 αίδοῦς
627 3110 655 3181 δ’
675 3110 716 3183 οὐ
734 3120 810 3182 λίαν
828 3109 1028 3200 άσπάζομαι·

222 3213 460 3305 γυναικόφρων
477 3214 540 3305 γάρ
558 3213 667 3302 θυμός
684 3211 807 3302 άνδρὸς
823 3209 864 3283 οά
883 3217 999 3301 σοφοῦ.

185 3366 262 3424 Stob.
278 3367 351 3423 λλον.
369 3367 404 3438 3,
421 3365 470 3424 18.
500 3383 540 3422 vs.
558 3365 681 3423 11-13
698 3365 776 3420 affert
791 3363 869 3421 Stob.
884 3363 958 3420 λλον.
975 3363 1031 3435 94,
1051 3361 1083 3420 4.

120 3467 161 3507 vs.
180 3449 301 3507 14-17
318 3450 394 3507 Stob.
410 3449 483 3506 Flor.
500 3449 557 3521 91,
573 3448 612 3504 22
629 3457 656 3504 et
672 3447 729 3520 92,
745 3447 775 3505 2.
807 3464 844 3504 vs.
863 3447 987 3506 18-20
1005 3447 1082 3504 Stob.

120 3533 193 3590 Flor.
212 3534 266 3607 14,
282 3535 316 3599 3;
339 3535 449 3591 eosdem
469 3531 505 3613 τῇ
526 3529 652 3614 τραγικῇ
675 3523 813 3614 Μερόπη
826 3533 985 3590 mmmm
1003 3542 1107 3582 mm
