2408 3862
112 171 161 234 64
553 171 654 224 Arri}

25 332 28 337 ’
117 335 149 419 (ἡ
170 327 246 414 αδτῆ
267 342 340 416 libri)
360 337 623 443 δικαιολογουμένη
643 332 717 437 πρὸς
737 330 792 417 τὴν
812 326 951 454 Ἀθηνρλν
971 334 1021 399 ἐπί
1041 339 1088 425 ssi

117 422 306 501 χαλεπαίνειν
331 418 407 506 αὐτῇ
428 424 563 506 τετοκυία
586 422 619 484 ἐν
641 445 683 483 τοι
711 423 783 505 ίερρδ
808 420 884 503 λέγει
909 423 1023 484 σκῦλα
1044 459 1085 470 -

117 502 195 611 ἡγῇ’
197 549 207 584 ,
227 508 323 568 καίτοι
338 499 434 568 καί
403 532 439 569 τα
452 503 527 570 όιλλα
542 485 602 592 ξοῑα
617 484 671 568 ἐν
663 512 724 582 τοῖς
739 506 874 589 ίεροῐςί
843 529 859 566 τ
872 527 979 568 κτοντα
994 501 1087 571 οὐδὲν

116 585 227 654 αἰδικεῖ.
261 597 382 672 Euripidi
397 615 492 656 versus
509 596 604 655 tribuit
619 596 739 654 Grotius.

569 725 632 790 269

222 830 315 920 δεινὴ
333 829 427 913 πόλις
444 827 576 903 υοσοῦσ’
595 829 807 920 ἀνευρίσκειν
825 829 920 902 κακοί.

182 948 259 1008 Stob.
276 949 347 1006 Flor.
363 948 416 1022 43,
433 948 481 1006 12.
511 935 593 1022 δεινή
609 945 736 1004 νοσοῦσα
750 939 835 1016 πόλις
849 949 926 1006 malit
940 947 970 1005 0.
983 949 1084 1007 Hense.

567 1093 633 1158 270

221 1203 278 1271 καὶ
295 1209 480 1287 βουθυτεῖν
497 1197 561 1290 γὰρ
579 1196 692 1288 ἠξίους
712 1196 853 1289 ἐμὴν’
810 1229 917 1290 χαριυ.

183 1317 310 1410 Apellen.
332 1318 365 1374 de
385 1318 455 1372 coni.
477 1334 505 1390 p.
522 1316 600 1388 514,
623 1301 1086 1411 Ηοοιοοοοιιοοχιριιόιο-

116 1398 245 1474 ματικῆς
264 1391 427 1470 συντάξεως
447 1393 556 1474 ἔτυχεν.
584 1358 668 1455 gv
635 1418 690 1475 μεν
709 1388 764 1476 μόρ
780 1397 932 1496 Κρήσσαις
952 1389 1029 1477 ἔμω
1043 1432 1085 1446 -

118 1481 307 1542 κατακτενῶ’
323 1477 374 1540 καί
390 1479 422 1541 ἐν
438 1476 554 1564 Αόγῃ
562 1503 613 1541 και
605 1479 846 1560 βουθυτεῖν-
807 1477 977 1564 -χοίριν’.

571 1630 632 1695 271

211 1730 342 1827 Ἔρωτα
361 1733 390 1806 δ’
411 1733 500 1818 ὅστις
517 1736 563 1826 μὴ
580 1735 664 1808 θεδυ
681 1745 787 1825 κρίνει
804 1741 909 1828 μέγαν

221 1840 277 1908 καὶ
294 1842 362 1908 τῶν
378 1832 535 1908 ἁπάντων
549 1836 723 1928 ’δαιμόνων
740 1837 938 1929 ὑπέρτατον,

221 1933 244 2026 ἢ
262 1937 376 2020 σκαιός
395 1941 485 2009 ἐστιν
502 1933 524 2025 ἢ
542 1943 653 2010 καλοῖυ
670 1935 805 2029 ἄπειρος
824 1936 871 2010 (δν

222 2035 285 2109 οόκ
303 2038 374 2110 οίδε
391 2039 450 2109 τόν
466 2037 832 2129 μέγιστονοίυθροόποις
849 2040 941 2111 θεόν.

185 2154 260 2219 Stub,
276 2156 350 2214 rior.
367 2157 423 2229 63,
441 2156 488 2213 11.
517 2174 557 2213 vs.
576 2158 591 2213 1
610 2155 663 2214 34
685 2158 763 2213 aiiert
778 2158 840 2214 Ath.
857 2157 913 2213 Xiii
932 2175 959 2231 p.
977 2157 1039 2216 600
1053 2157 1083 2215 Ι).

119 2240 215 2298 Latine
236 2239 326 2298 locum
347 2242 481 2315 expressit
501 2240 631 2297 Caecilius
653 2241 755 2297 Statius
781 2237 863 2317 (Corn
881 2241 937 2298 bat.
953 2240 1083 2298 Ribbeck

121 2343 148 2398 p
160 2324 210 2398 65)
227 2343 269 2399 ap
285 2325 338 2384 Cic.
357 2327 437 2384 Tusc
452 2324 483 2396 4,
499 2324 551 2397 32,
568 2324 647 2384 68:.
666 2317 849 2404 .[Amorem]
866 2327 949 2382 deum
964 2328 1085 2399 quinon

120 2424 258 2466 summum
268 2416 366 2481 putet,
389 2416 441 2466 aut
456 2412 574 2467 stultum
588 2414 639 2466 aut
653 2424 751 2466 rerum
767 2425 830 2467 esse
844 2411 1006 2482 imperitum
1020 2413 1084 2466 ταν·-

120 2498 222 2548 stumo.
251 2511 290 2548 vs.
312 2481 424 2548 Ῑθεδν
437 2489 539 2587 κρίνει
559 2486 666 2569 μέγαν]
693 2485 785 2566 μόνον
806 2489 902 2571 κρίνει
924 2483 1000 2549 θεόν
1020 2493 1083 2550 Ath.

120 2591 160 2631 vs.
175 2575 195 2629 4
209 2591 266 2631 ουκ
280 2565 361 2631 οίδεν
376 2564 445 2633 ὄνθ’
462 2569 586 2650 ἥδιστον
601 2576 760 2636 bieiuekius.

570 2719 633 2785 272

221 2822 262 2894 οὗ
280 2827 347 2895 τεόν
364 2822 561 2918 κακούργων
579 2825 697 2914 οίκτος,
716 2824 800 2897 ἄλλα
817 2830 874 2916 τῆς
894 2834 998 2918 δίκης.

176 2938 260 3000 'Stob
275 2943 345 2999 Flor.
361 2942 413 3016 46,
430 2944 459 3002 9.
490 2932 571 3012 οἶκος
586 2945 707 3002 Bothius.

569 3071 633 3137 273

221 3176 347 3269 πτηνδς
366 3177 508 3270 διοίκεις,
527 3169 552 3249 ὦ
570 3181 689 3252 τέκνου
705 3180 763 3262 τὰς
782 3183 919 3263 ἐλπίδας

220 3275 281 3370 οὐχ
298 3279 319 3370 ἡ
336 3277 418 3371 τείχη
436 3301 490 3370 γε
509 3288 567 3370 τῆς
584 3280 684 3371 τόχης
704 3277 790 3353 δ’
751 3310 812 3371 ονχ
831 3277 879 3363 είς
895 3278 1025 3372 τρόπος.

184 3395 474 3471 stohulor.111,1·
490 3385 1085 3494 ΕόριπίδουΑυγῆς(οιονιυδ,Αἰγέως

118 3475 159 3551 Α,
181 3479 233 3536 iub.
253 3496 352 3539 nomen
376 3499 428 3540 orn.
449 3481 492 3557 Μ).
529 3472 720 3556 ςπτηνας--·
682 3473 880 3559 -τρόποςῆ
915 3501 954 3542 vs.
981 3477 1084 3559 2ἔχει
