2408 3862
569 209 635 264 ΙΙΙΩ
1024 207 1084 274 105

120 387 268 441 mistanem
283 398 414 440 necarem.
444 400 483 439 ea
499 399 534 439 ea
547 387 673 457 penninas
686 386 762 456 titios
774 386 954 455 procreavit.
980 389 1083 455 postea

121 471 222 524 resciit
237 468 356 525 Inonem
371 471 400 523 in
416 467 553 523 Parnaso
569 483 641 538 esse,
658 464 996 540 qnae(qnamb1unclier)
1013 468 1081 523 bac·

122 552 264 609 abatianis
279 567 387 607 caussa
402 566 435 607 ea
445 555 623 623 pervenisse.
653 554 792 624 misitque·
811 566 874 607 eam
895 553 1081 608 adducerent.

121 653 207 709 qnam
234 637 386 691 adductam
414 637 527 691 cetaait.
562 637 661 691 resciit
683 635 824 691 Tbemisto
851 650 914 691 eam
938 638 1082 691 inventam

122 734 201 794 esse,
224 721 276 775 sed
294 734 370 791 qaae
391 726 466 774 essct
481 719 637 775 nesciebat.
666 723 761 790 caepit
783 720 943 790 aetiefitias
958 721 1080 774 eiusne·

122 818 203 859 care.
233 807 278 858 rei
291 806 451 872 consciam,
473 820 560 874 qnam
575 805 718 873 captivam
733 816 796 858 esse
817 803 967 874 credebat,
990 805 1082 873 ipsam

121 887 241 943 Inonem
255 889 374 956 sumpsit
389 891 417 942 et
431 889 459 942 ci
472 888 544 942 dixit
555 892 586 941 nt
598 888 675 958 filios
689 901 756 942 snas
768 887 899 942 candidis
909 889 1082 942 vestimentis

121 974 263 1041 aperiret,
289 971 389 1026 Inanis
412 971 488 1041 filios
508 973 607 1043 nipris.
642 968 696 1025 Ino
717 985 785 1025 snos
810 971 952 1039 candidis,
972 969 1081 1025 Tbemi-

121 1057 211 1110 stonis
227 1056 319 1124 pultis
338 1058 469 1124 apposnit
491 1048 618 1126 (apernit
633 1052 757 1122 Tollius).
789 1058 857 1109 tanc
874 1053 1015 1109 Themisto
1035 1054 1079 1108 de·

122 1144 207 1207 cepta
228 1153 296 1194 suos
314 1139 390 1209 filios
411 1138 524 1193 accidit.
558 1138 589 1192 id
607 1138 656 1193 nbi
676 1140 788 1205 resciit,
814 1140 880 1208 ipsa
901 1151 933 1191 se
957 1138 1081 1193 necavit.

121 1221 262 1277 Athamas
277 1227 370 1277 antem
385 1225 415 1276 in
430 1224 579 1277 venatione
588 1236 647 1292 per
661 1223 805 1277 insaniam
819 1221 982 1276 Learchum
996 1223 1082 1276 maia·

122 1319 183 1360 rem
196 1307 287 1376 fitium
301 1320 384 1360 suam
397 1304 552 1376 interfecit,
567 1303 621 1360 Ina
637 1311 732 1361 autem
747 1320 811 1359 cnm
825 1307 935 1360 minare
947 1306 1007 1377 filio
1021 1303 1084 1359 Me·

121 1391 224 1445 licente
251 1393 281 1445 in
304 1404 385 1444 mare
405 1403 436 1444 se
457 1389 558 1443 deiecit
579 1394 606 1443 et
629 1390 684 1444 dea
711 1394 753 1444 est
776 1387 873 1460 facta.
913 1387 1081 1460 Euripideam

122 1472 289 1543 tragoediam
304 1479 410 1545 spectat
425 1472 470 1528 λε.
479 1471 544 1527 Aah
551 1470 612 1527 435
628 1471 674 1543 (ci.
682 1489 710 1544 p
720 1470 798 1564 103).
825 1472 976 1545 itemVesp.
985 1469 1081 1528 1413:

122 1549 243 1629 γυναικὶ
261 1585 305 1596 -
324 1552 445 1633 θαψίνῃ
461 1545 536 1610 Ἰνοῖ
550 1547 718 1653 κρεμαμένῃ
737 1542 810 1628 πρὸς
834 1550 934 1611 ττοδοΞν
948 1542 1082 1650 Εὐριπί-

122 1634 185 1696 δον.
222 1639 269 1696 ubi
290 1639 432 1695 Sabat-c
419 1628 556 1713 εἰσήγαγε
577 1632 609 1695 δὲ
630 1626 796 1713 Εὐριπίδης
817 1624 873 1711 τὴν
893 1625 1002 1695 'Ina’
983 1656 1083 1714 οιχραν

123 1710 183 1778 aab
199 1720 251 1795 τῆς
265 1718 478 1790 κακοπαθείας.

576 1866 640 1931 402

225 1988 370 2060 εὕδουσα
388 1986 417 2060 δ’
432 1988 536 2072 Ἰνοῦς
553 1987 709 2080 συμφορὰ
725 1988 832 2060 nobba
850 1989 971 2078 χρόνον

226 2097 290 2162 νῦν
307 2120 373 2180 ομμ
371 2088 520 2179 ’ἐγείρει

187 2206 278 2267 Schol.
305 2209 380 2264 Pind
408 2210 500 2264 isthm.
526 2208 563 2281 4,
589 2209 643 2266 39:
667 2193 727 2264 ἄλλ’
754 2194 962 2283 ἆνεμειρομὲνα
986 2203 1083 2300 χρῶτα

124 2282 245 2368 λάμπει]
267 2288 310 2370 τῷ
329 2281 411 2366 αὐτῷ
430 2283 528 2390 τρόπῳ
549 2286 600 2348 καὶ
621 2279 790 2367 Εὐριπίδης
810 2284 946 2386 κέχρηται
970 2276 1080 2346 λδοῦσ’

125 2347 309 2469 -iyatpm’,
338 2394 377 2432 vs
394 2378 410 2432 1
434 2348 525 2431 ἰδοῦσ’
544 2362 668 2444 ἆδινοῦς
686 2363 843 2449 συμφοριλν
858 2375 937 2448 libai,
957 2363 1083 2430 εὕδουσα

124 2448 149 2512 δ’
171 2449 266 2526 Ἰνοῦς
286 2447 423 2552 σνμεμορᾶ
448 2460 625 2534 Musgravius.
668 2460 787 2518 tortasse
811 2467 932 2553 praestat
956 2448 1083 2514 εὕδουσα

124 2530 207 2614 δεινὴ
222 2557 361 2637 συμφορα
380 2544 461 2600 scribi
476 2544 546 2600 duce
561 2543 631 2600 Plut.
646 2547 747 2601 Antan.
763 2561 785 2600 c.
803 2544 858 2601 36:
880 2527 1080 2599 ebionaei*
1062 2559 1082 2613 η

124 2618 208 2698 δεινὴ
224 2614 362 2720 συμφορὰ
376 2645 486 2702 χρονον
501 2618 611 2696 maban,
634 2643 650 2681 ο
665 2618 856 2703 Κλεοπατρας
877 2621 964 2704 ἔρως,
987 2621 1084 2682 δοκῶν

122 2699 324 2768 κατευνασθαι
348 2729 399 2767 και
390 2705 673 2807 κατακεκηλῆσθαι
694 2714 755 2780 τοῖς
773 2707 901 2785 βελτίοσι
923 2711 1082 2786 λογισμοῖς,

122 2783 217 2863 avan
231 2783 380 2868 ἀνέλαμπε
395 2789 445 2850 καλ
461 2785 632 2869 ἆνεθαρρει.
659 2813 728 2870 quae
743 2798 767 2852 si
782 2811 844 2853 vera
860 2804 903 2852 est
917 2798 1083 2867 coniectura,

123 2879 157 2936 ad
173 2882 337 2936 incertarum
352 2879 503 2936 fabularum
516 2880 647 2953 reliquias
663 2880 740 2937 locus
756 2881 808 2936 erit
823 2880 999 2954 ablegandus.

573 3058 636 3122 403

224 3190 321 3270 φίλαι
339 3197 495 3270 γυναῖκες
514 3185 583 3261 κοῖς
601 3177 643 3250 ἂν
662 3183 694 3263 ἐξ
712 3179 813 3268 ἀρχῆς
832 3176 957 3270 δόμους

221 3278 425 3370 Ἀθάμαντος
442 3280 611 3369 οἰκήσαιμι
626 3287 694 3350 τῶν
711 3282 954 3370 πεπραγμένων

226 3381 376 3470 δράσασα
394 3384 515 3470 pmii-m

185 3515 255 3571 eius.
271 3517 338 3573 Mor.
352 3535 379 3590 p.
396 3515 457 3573 556
472 3520 509 3572 A:
532 3504 627 3593 ὥσπερ
642 3511 695 3588 τῆς
711 3506 806 3582 Ἰνοῦς
820 3505 852 3568 ἐν
872 3512 938 3580 τοῖς
949 3505 1096 3583 θεάτρου,
