2408 3862
469 194 683 248 ΑΙΚΤΜΝΙΟΣ
998 193 1058 259 127

96 355 285 461 ἡμίφλεκιόν
295 382 361 421 τινα
376 358 528 440 είσοίγει’
501 384 541 436 εις
553 357 672 423 τοιοῦτό
681 384 712 424 ιι
725 352 1015 464 κεκεραυνομένον’
998 354 1058 424 απὸ

96 449 151 524 τῆς
164 442 359 546 περιστάσεως
373 443 496 523 ἐκείνης.
516 436 651 522 είηδ’“
632 469 670 506 αν
688 467 741 508 που
728 442 925 545 Εὐριπίδου
947 468 1058 528 μεμνη-

96 530 184 610 μένος
204 524 329 610 ολγγὲλου
349 532 403 590 τοῦ
423 528 515 613 ἕντῳ
504 531 703 628 Λικυμνίῳ.
719 525 858 631 λέγει
823 554 879 612 γαρ
901 529 949 591 ἐπὶ
965 535 1059 592 τελευ-

96 616 149 693 τῆς
164 612 284 686 ἐκεῖνος.
313 609 346 673 ἐν
360 591 518 696 Λικυμνίῳ
540 610 665 694 δράματι
681 608 849 690 Ελιλριπίδου
874 611 1000 693 εἰσήχθη
1014 639 1058 687 τις

96 694 411 779 κεραυνοβολούμενος.
441 719 510 797 quac
531 705 630 776 parlim
653 714 782 778 corrupta
805 712 885 776 suut,
905 704 1005 778 partim
1025 704 1058 760 ab

96 788 292 862 interpretibus
313 789 415 860 scripta
430 783 478 860 qui
493 787 526 842 de
541 786 679 861 licymuio
701 787 836 882 Euripidis
856 787 923 843 uihil
945 789 1056 845 scireut.

96 873 261 947 Hesychius.
277 867 459 962 Λικυμνίοις
472 868 588 945 βολαῖς·
603 869 665 927 τῶν
680 863 712 926 ἐν
727 889 768 950 τῳ
756 860 954 968 Εὐριπίδου
964 872 1058 927 Λικν-

96 951 174 1053 μνίῳ
193 945 374 1028 μνημονείοι
394 940 433 1009 δν
454 949 535 1021 ἴσως.
544 952 764 1050 κεραυνοῦται
778 943 870 1032 γιλρὴ
889 971 964 1022 ναυς
984 973 1059 1010 κατα

96 1013 356 1112 τδνέκεῖλόγον,
383 1056 436 1112 ουγ
457 1026 496 1106 ὡς
517 1029 682 1095 αὐτοῦτοῦ
702 1037 872 1112 Λικυμνίου
895 1049 1058 1113 κατεσκημ·

96 1117 197 1197 μένου

549 1200 612 1264 476

200 1309 332 1394 φαῦλον
349 1303 511 1396 ἄκομψον,
530 1305 569 1376 τὰ
586 1301 709 1395 μέγιστ’
727 1303 869 1397 ἀγαθόν,

200 1411 310 1476 πᾶσαν
329 1410 365 1476 ἐν
383 1415 468 1500 ἔργῳ
487 1405 764 1497 περιταμνόμενον

200 1515 335 1595 σοφίαν,
352 1512 468 1636 λέσχης
486 1507 655 1597 ἀτρίβωνα

160 1624 236 1698 Dicg.
253 1626 283 1681 L.
299 1624 335 1696 3,
350 1625 405 1682 63:
427 1613 531 1720 ὁγοῦν
551 1623 664 1697 φαυλος
679 1620 792 1727 λέγεται
811 1618 886 1721 παρ’
901 1615 982 1705 αιἰτῳ
972 1622 1059 1704 (int.

97 1704 245 1783 Platonem)
268 1703 319 1764 καὶ
341 1701 388 1763 ἐπὶ
410 1706 463 1765 τοῦ
484 1699 639 1805 διπλρῦ,
618 1728 658 1778 ως
678 1704 729 1765 καλ
749 1696 821 1806 παρ’
849 1685 1058 1790 Εὐριπίδην
1026 1705 1058 1766 ἐν

98 1791 260 1891 Λικυμνίῳ
281 1787 401 1865 φέρεται
420 1786 468 1848 ἐπὶ
483 1810 535 1849 του
524 1782 728 1867 Ηρακλέους
742 1783 849 1850 οὖτοοσί
868 1793 1002 1866 *φαῦλον
1015 1824 1059 1838 -

97 1865 153 1948 ιίτρ
154 1872 275 1950 ίβωναῆ
297 1895 336 1931 vs
352 1878 367 1932 1
384 1877 501 1933 afferunt
515 1878 640 1951 Didymus
656 1878 703 1951 qui
718 1879 839 1934 dicitur
832 1895 859 1934 ιο
875 1879 971 1935 llilleri
987 1878 1057 1935 libro

98 1961 368 2036 Mc'lanpesdeliil.
385 1961 434 2018 Gr.
450 1978 477 2034 p.
494 1961 555 2020 402
577 1962 655 2018 Phor.
673 1964 734 2018 λοι.
755 1980 781 2036 p.
799 1962 877 2035 642,
901 1962 942 2021 20
970 1964 1057 2036 Ειγιιι.

99 2044 133 2099 Μ.
148 2062 177 2118 p.
194 2045 271 2118 789,
294 2043 334 2102 34
360 2044 500 2102 Suidasv.
522 2039 599 2100 εἰδέα
621 2055 648 2101 et
674 2043 791 2117 φαυλον
822 2045 913 2103 Schcl.
934 2046 1002 2103 Plat.
1030 2064 1056 2119 p.

99 2128 188 2186 92οο
205 2128 245 2186 36
260 2088 335 2184 llust.
350 2129 379 2185 ll.
395 2146 421 2202 p.
440 2128 536 2199 1356,
554 2129 604 2198 62,
619 2129 735 2203 denique
751 2132 863 2222 partim
864 2130 927 2186 Lex.
943 2129 1057 2186 Viudch.

97 2230 126 2287 p.
146 2211 222 2283 187,
243 2212 270 2271 6.
301 2212 335 2269 cl.
351 2212 513 2270 Plutarchus
535 2212 563 2267 V.
579 2212 697 2270 Marcelli
718 2230 740 2268 c.
757 2213 811 2269 21ε
833 2200 886 2269 τὸν
906 2209 1001 2286 δῆμον
1016 2243 1058 2254 -

98 2284 294 2374 ppcvplast
275 2312 401 2392 απειρον
424 2291 474 2351 καί
504 2285 579 2352 κατὰ
608 2285 660 2351 τὸν
694 2287 884 2371 Ευριπίδειον
910 2290 1058 2373 Ἡρακλέα

99 2376 282 2452 φαῦλον·
248 2366 449 2454 -αγαθόνζ
479 2380 604 2437 similiter
618 2380 734 2436 idemV.
750 2381 853 2438 Cimon.
869 2380 937 2438 c4
958 2382 1058 2438 Αιιοσδ.

97 2464 203 2520 Bachm.
219 2464 273 2520 vol.
292 2466 352 2539 lp
368 2464 446 2537 412,
463 2465 495 2522 7:
515 2461 688 2536 φαῦλον-
645 2456 750 2519 -ἐπί
773 2457 805 2520 δὲ
824 2450 943 2539 ἆγαθοῦ
965 2450 1057 2541 Eupr-

97 2542 185 2620 πίδης
210 2535 260 2601 ἐν
261 2546 400 2624 Ηρακλεῐ
419 2545 615 2622 φαῦλον-
620 2537 781 2642 ,ἆγαθόνζ
821 2551 933 2622 respicii
958 2550 1057 2621 Phryu.
1073 2597 1075 2600 ι

97 2631 179 2688 Bell.
195 2650 222 2706 p.
240 2633 274 2704 6,
299 2632 336 2689 19
353 2641 422 2707 etp.
438 2632 517 2706 368,
540 2633 596 2690 31:
618 2643 759 2707 ακομψον
775 2625 823 2688 καί
840 2631 972 2705 φαῦλον·
991 2624 1058 2688 οἷον

98 2713 245 2788 κομψείας
263 2710 315 2770 καὶ
329 2714 510 2808 πανουργίας
507 2675 766 2814 ἀπηλλαγμένον
796 2719 862 2774 item
882 2718 1000 2776 fortasse
1015 2719 1059 2774 lu·

97 2799 228 2874 liauusp.
245 2799 334 2857 54u:
350 2790 456 2876 φαύλῳ
471 2819 522 2856 και
537 2791 668 2881 ακόμψῳ
683 2799 788 2881 θεαοη.

550 2962 612 3029 477

199 3067 299 3151 πόνος
316 3067 392 3161 γάρ,
412 3062 456 3150 ὥς
474 3073 642 3157 λέγουσιν,
663 3066 813 3149 εὐκλείας
831 3067 949 3157 πατήρ.

161 3185 237 3242 Sicb.
254 3186 326 3243 lior.
342 3187 393 3258 29,
410 3187 437 3243 7.
465 3186 595 3259 Sophocli
611 3189 682 3243 huuc
696 3203 803 3243 versum
820 3187 917 3242 tribuit
930 3184 1059 3242 Maximus

97 3268 232 3326 Plauudcs
247 3271 324 3327 Rhet.
341 3271 393 3327 vol.
409 3271 428 3328 5
444 3289 470 3346 p.
487 3270 557 3327 441.

550 3398 613 3462 478

199 3504 236 3576 ιδ
254 3510 312 3594 τῆς
329 3503 475 3595 ἀνάγκης
493 3501 533 3576 οὗ
551 3508 660 3593 λέγειν
677 3500 756 3575 ὅσον
774 3504 882 3595 ζυγόν.
