2408 3862
160 189 181 252 6
569 192 710 245 ΔΙΟΛΟΣ

155 393 233 431 versu
253 372 315 432 Lais
335 390 384 430 usa
406 373 506 431 dicitur
527 374 559 430 ad
581 373 747 431 irridendum
768 373 930 448 Euripidem,
955 373 988 431 cf.
1003 373 1116 433 Machon

153 459 216 514 Ath.
239 459 292 514 Xlll
313 476 339 532 p.
357 457 417 515 582
433 460 461 514 D.
492 460 571 514 etiam
592 475 700 514 versum
722 475 802 533 quem
823 459 1019 532 Aristophanes
1039 477 1117 533 prae·

153 546 253 615 mittit,
273 537 425 615 αἴσχιστον
447 536 534 616 ἔργον
554 535 746 616 προσβλέπεις
763 562 785 615 μ
806 536 992 620 εἰργασμένος
1010 544 1118 618 Euripi·

154 627 233 684 deum
249 643 309 684 esse
323 629 442 684 coniecit
455 626 631 682 Fritzschius.

613 753 656 818 20

254 860 299 952 μὴ
317 869 461 934 πλοῦτον
481 872 590 952 εἴπῃς·
610 860 685 951 οὐχὶ
702 861 862 950 θαυμάζω
880 861 974 950 θεόν,

256 961 296 1033 ὃν
313 961 360 1052 χώ
379 962 532 1043 κάκιστος
550 967 676 1055 ῥᾳδίως
694 961 860 1050 ἐκτήσατο.

217 1080 292 1137 sloh.
308 1081 380 1137 Flor.
398 1081 448 1153 93,
465 1081 493 1137 9.
515 1080 624 1137 eosdem
640 1098 734 1137 versus
749 1081 850 1136 hahent
865 1082 926 1137 Ath.
942 1081 975 1136 lV
989 1100 1016 1154 p.
1031 1081 1115 1137 1590

153 1163 224 1221 Plut.
247 1166 313 1221 Mor.
335 1184 362 1238 p.
385 1164 459 1222 340
486 1163 583 1219 Sextus
604 1165 705 1238 Empir.
727 1184 753 1238 p.
777 1164 854 1235 660,
876 1164 915 1222 27
937 1184 965 1238 p.
983 1165 1058 1228 663,
1075 1165 1117 1224 20

153 1248 229 1306 stol).
244 1249 317 1304 Flor.
333 1247 363 1319 5,
378 1246 399 1302 4
415 1247 529 1320 Gregor.
545 1247 607 1304 Naz.
623 1249 674 1304 vol.
691 1247 709 1304 2
725 1267 751 1321 p.
768 1248 829 1306 210
845 1249 872 1304 C.

256 1482 376 1554 δοκεῖτ’
398 1479 440 1553 ἂν
458 1490 563 1553 οἰκεῖν
580 1498 692 1571 γαῖαν,
712 1490 744 1553 εί
759 1487 860 1571 πένης
878 1480 964 1566 ἅπας

255 1582 331 1665 λαὸς
350 1582 556 1654 πολιτεύοιτο
573 1590 744 1654 πλουσίων
762 1581 856 1671 ἅτερς

253 1682 316 1754 οὐκ
334 1680 377 1754 ι’ἶν
394 1688 522 1773 γένοιτο
541 1688 640 1774 χωρὶς
659 1683 763 1755 ἐσθλοὶ
781 1688 837 1754 καὶ
855 1685 950 1771 κακά,

253 1782 327 1854 ἀλλ’
348 1794 416 1856 ἔστι
433 1815 482 1867 τις
500 1785 692 1875 σύγκρασις,
717 1783 795 1855 ὥστ’
815 1794 903 1875 ἔχειν
921 1791 1038 1866 καλῶς.

252 1880 277 1954 δι’
292 1884 337 1975 μὴ
355 1886 418 1975 γὰρ
437 1894 568 1980 ἔστιτῷ
585 1889 701 1975 πένητι
720 1884 878 1968 πλούσιος
1097 1907 1114 1956 5

254 1983 390 2056 δίδωώ·
409 1983 431 2055 ἃ
450 1984 483 2056 δ’
503 1995 537 2057 οἱ
552 1995 773 2068 πλουτοῦντες
790 1985 831 2057 οὐ
849 1985 1049 2075 κεκτήμεθα,

252 2104 358 2158 τοῖσιν
376 2090 494 2176 πένησι
512 2087 675 2178 χρώμενοι
693 2087 902 2177 πειθώμεθα

214 2204 289 2261 stob.
303 2204 376 2262 Flor.
394 2205 446 2277 43,
463 2205 511 2264 20.
532 2224 571 2262 vs.
587 2206 774 2264 3et4ass'ert
788 2207 859 2263 Plut
867 2207 934 2262 Mor
946 2223 973 2279 p.
983 2205 1114 2263 36930

151 2307 179 2364 p.
195 2288 310 2362 474Α,
332 2293 396 2347 ilem
413 2290 524 2384 tertiup1
539 2298 567 2346 et
587 2292 677 2364 quarti
697 2290 836 2347 dimidium
851 2275 972 2362 (οὗκ-
985 2278 1113 2364 σύγκρα-

151 2372 207 2454 σις)
223 2391 249 2446 p
266 2371 305 2430 25
325 2375 359 2447 0,
374 2374 453 2430 verba
469 2359 524 2429 οὐκ
539 2359 576 2429 ἂν
591 2368 705 2470 γένοιτο
720 2369 809 2450 χωρὶς
825 2365 917 2430 ἕσθλα
932 2373 1112 2446 Theophrast.

151 2451 299 2550 Metaphys.
323 2417 409 2532 1ορ
426 2459 496 2516 316
526 2477 565 2515 vs.
582 2459 600 2515 7
623 2449 780 2532 τιμώμεθα
800 2460 841 2516 ed.
852 2447 1113 2552 ,πειθώμεθαΛ,

150 2529 321 2613 πειθομεθα
336 2543 354 2596 Β
357 2532 547 2616 ,θηρώμεθα
561 2543 681 2616 Βετμίεο,
696 2544 813 2600 sortasse
829 2503 993 2616 πεπώμεθα
1007 2542 1061 2616 leg.

251 2774 313 2863 τὴν
333 2774 364 2846 δ’
386 2774 558 2864 εὐγένειαν
576 2775 657 2867 πρὸς
676 2782 769 2850 θεώο
785 2777 831 2868 μή
848 2808 903 2867 μοι
921 2782 1010 2866 λέγε·

252 2879 288 2946 ἐν
305 2875 487 3006 χρήμαριν
487 2877 558 2948 τόδ’
580 2883 660 2968 ε’στί,
678 2879 723 2969 μὴ
745 2887 885 3006 γαυροῦ,
904 2878 1016 2966 πάτερ.

253 2974 365 3071 κύκλῳ
383 2977 447 3066 γὰρ
467 2999 576 3100 ερπει
602 3008 647 3073 τρι
636 2981 728 3069 μὲν
746 2979 840 3066 ἔσθ’,
859 2977 928 3050 ὁδ’
948 2978 1011 3051 οὐκ
1028 2987 1111 3068 ἔχει·

251 3076 442 3149 κοινοῖσιδ
463 3077 575 3161 αὐτοῖς
593 3079 761 3170 γρώμεθ”
786 3035 904 3151 οἷδ’
882 3110 926 3151 αν
944 3083 981 3151 ἐν
999 3079 1112 3170 δόμοις

250 3179 373 3268 χρόνον
390 3186 530 3272 συνοικῇ
548 3191 717 3270 πλεῖστον,
740 3211 835 3264 ουτος
853 3179 999 3271 εὐγενής
1095 3199 1113 3252 ο

212 3293 288 3352 stol).
305 3297 378 3354 Flor.
396 3298 446 3369 91,
463 3299 512 3354 21.

607 3394 650 3460 23

244 3494 324 3566 ἄλλ’
344 3494 365 3587 ἢ
383 3496 418 3569 τὸ
434 3506 540 3592 γῆρας
556 3500 618 3589 τὴν
635 3499 771 3592 Κύπριν
788 3508 915 3592 χαίρειν
937 3504 991 3594 ἐᾷτ
