2408 3862
502 208 712 261 rerurrrro
1041 231 1083 275 χ,

119 377 265 438 admodum
279 376 399 438 lubricae
413 381 469 437 siut
489 379 683 454 quaestiones,
705 380 848 455 inquibus
869 380 1026 440 facillimum
1046 384 1082 440 sit

120 464 205 521 multa
221 464 363 537 ingeniose
377 464 557 536 comminisci,
576 471 651 521 certa
665 472 693 520 et
708 472 783 521 entra
805 464 981 524 dubitationis
996 466 1082 524 aleam

119 550 210 623 posita
224 548 353 622 indagare
366 548 491 606 rideatur
505 563 566 605 esse
581 547 779 606 diilloillimum.

183 632 307 688 Ceterum
327 649 389 690 cum
407 634 546 706 paucitate
565 647 707 705 versuum,
728 650 798 707 quos
818 649 851 689 er
871 631 976 691 Electra
997 632 1081 692 Hera·

118 715 198 774 clidis
218 714 333 773 Remulo
353 733 369 773 a
393 715 567 789 sequioribus
593 717 774 791 scriptoribus
794 715 885 773 allerrl
904 716 1035 788 vidimus,
1056 719 1080 774 si

119 799 287 875 perditarum
309 799 475 874 quarundam
489 798 626 874 Euripidis
647 799 798 857 tabularum
813 800 944 874 reliquias
958 800 1082 858 contuie-

120 883 205 940 rimns
224 882 311 941 multo
331 883 480 956 largiores,
505 900 560 939 non
585 886 735 958 poterimus
760 901 815 941 non
836 885 928 940 mirari
954 884 1082 941 iortnuao

118 966 277 1039 ludibrium,
292 982 361 1041 quae
375 966 447 1023 baud
461 983 562 1041 pancas
576 968 691 1025 servarit
705 968 810 1025 labnias
824 967 980 1042 Byzantinis
994 969 1080 1026 bomi-

119 1050 199 1108 nibus
213 1066 300 1125 paene
314 1052 439 1124 ignotas,
459 1050 527 1107 alias
542 1051 644 1108 diutius
664 1051 800 1109 lectitates
813 1053 856 1108 vel
876 1060 950 1110 certe
971 1055 1081 1127 saepius

119 1134 241 1192 laudatas
262 1133 341 1191 nobis
361 1135 496 1192 inviderit.
530 1134 656 1192 nimirum
677 1137 848 1193 verissimum
867 1144 910 1192 est
929 1137 1080 1209 Agathouis

118 1218 197 1292 iilud,

270 1289 335 1376 τάχ’
352 1319 390 1356 ον
404 1320 449 1371 τις
462 1290 590 1369 εἰκος’
555 1320 627 1397 corp
643 1300 713 1360 ιοῦι
716 1291 866 1360 ’1.εἷνοιιὲ
834 1297 923 1378 λέγοι,

271 1382 402 1485 βροτοῖσι
415 1379 510 1443 πολλὰ
524 1375 681 1462 τυγχάνειν
696 1376 752 1442 οὐκ
767 1380 878 1460 εἰκότα,

120 1521 170 1563 nec
188 1520 299 1579 sperare
322 1481 407 1561 ausim
434 1504 567 1561 redditum
593 1503 672 1561 nobis
692 1505 726 1561 iri
755 1504 837 1562 ullam
859 1523 950 1563 earnm
971 1514 1080 1581 tragoe-

119 1590 239 1660 diarum,
259 1605 327 1662 quas
342 1588 454 1644 amissas
469 1604 530 1645 esse
548 1605 621 1645 nnnc
635 1587 773 1645 dolemus:
788 1590 835 1646 sed
850 1590 872 1645 si
888 1591 961 1647 iorte
976 1590 1080 1649 deside·

80 1694 84 1700 ·
120 1682 178 1730 rata
198 1673 286 1729 adhuc
306 1672 440 1747 Euripidis
467 1671 556 1728 fabula
582 1672 669 1730 iucem
693 1672 804 1745 viderit,
829 1674 955 1730 omnibus
976 1676 1081 1749 patebit

120 1763 222 1831 quanto
237 1772 288 1812 nos
303 1756 336 1812 ab
352 1772 385 1814 eo
400 1755 473 1830 quod
488 1756 644 1830 quaerimus
659 1757 789 1814 distemus
804 1757 953 1814 intervallo

182 1840 315 1914 Superest
340 1847 371 1895 ut
396 1855 608 1935 commemprem
628 1841 656 1896 in
671 1839 734 1896 Eur
757 1842 791 1898 11.
815 1841 875 1936 15,
900 1841 919 1899 3
949 1841 1080 1899 librorum

120 1925 284 1999 scripturam
302 1912 478 1995 πλείστη
442 1941 499 1997 μορ
524 1909 613 1996 ἀρετὴ
632 1939 647 1978 e
666 1920 762 1993 πίστις
786 1914 842 1998 γάρ
866 1914 972 1997 ἀρετῆς
992 1934 1081 1983 ortam

121 2007 220 2079 rideri,
241 2006 269 2064 id
290 2007 363 2080 quod
383 2008 521 2081 perspexit
542 2008 590 2064 Tb.
607 2007 748 2081 Gomperz.
769 2024 820 2066 nee
840 2016 944 2066 certum
963 2009 1082 2066 arbitror

120 2090 194 2166 quod
207 2089 399 2147 Valckenarius
419 2091 454 2150 ir.
471 2090 547 2163 188,
564 2091 582 2147 2
597 2093 709 2166 scripsit
723 2089 885 2191 πολεμίων,
900 2093 947 2150 ubi
961 2091 1080 2188 πολεμι

120 2171 184 2232 κῶν
193 2173 362 2267 requirire
377 2173 501 2247 bugebii.
516 2176 676 2249 typothetae
691 2193 783 2233 errore
799 2179 825 2232 iu
841 2177 876 2233 ir
889 2177 948 2235 301
965 2164 1082 2253 ιἰοθενῇ

120 2276 171 2335 pro
185 2243 303 2330 ἀσθενῆ
317 2257 367 2316 et
359 2275 388 2314 nr
401 2257 494 2317 adnot.
511 2258 543 2315 ad
559 2260 592 2316 ir.
600 2259 661 2317 385
676 2276 820 2334 τοννομοι
831 2277 882 2334 pro
897 2249 1028 2333 τοῦνομα
1042 2260 1082 2317 io·

120 2345 204 2420 gitur.

184 2695 354 2770 subiungere
378 2697 466 2754 visum
492 2705 549 2768 est,
584 2698 657 2772 quod
683 2697 716 2755 ab
742 2699 823 2754 huius
855 2697 940 2755 libelli
965 2699 1081 2756 consitio

120 2795 174 2836 uon
190 2780 308 2837 alienum
328 2797 389 2838 osse
412 2781 592 2855 arbitramur,
612 2784 644 2837 ad
661 2782 870 2838 'ilthlCOiiVli
886 2782 1082 2839 GRAEGORVll

121 2863 320 2921 FRAGMENTA
346 2865 520 2924 anno1856
546 2865 746 2940 lipsiaecdita
772 2866 999 2941 supplementum.
1034 2868 1082 2922 sed

120 2945 260 3005 brevitatis
274 2948 390 3006 studiosi
404 2951 513 3024 potiora
527 2951 621 3023 paucis
637 2949 770 3007 indicasse
784 2950 851 3007 satis
865 2949 1032 3008 babebimus.

472 3127 726 3182 AESOHYLVS.

177 3217 384 3307 Ἀθοὶμοντι
399 3234 444 3290 hic
458 3234 562 3292 accedit
576 3251 671 3291 versus
686 3243 848 3310 corruptus:

320 3327 487 3408 χαλκέοισιν
502 3327 675 3407 troandus
688 3324 879 3408 χειρούμενοι.

120 3434 179 3492 udo
197 3435 297 3492 Aesch.
312 3435 346 3492 11.
361 3433 422 3493 417
444 3442 472 3492 et
491 3433 587 3492 biiileri
608 3434 758 3509 Mdtonpes
777 3437 812 3492 de
826 3439 879 3493 titt.
896 3436 946 3494 Gr.
968 3454 995 3510 p.
1013 3437 1085 3494 116.
1155 3493 1162 3503 ,

122 3510 312 3594 blancanicum
327 3510 531 3596 ἐξαιρούμενοι
546 3521 666 3580 coniecit
679 3518 848 3581 liindorbus.
