<?xml version="1.0" encoding="UTF-8"?>
<!DOCTYPE html PUBLIC "-//W3C//DTD XHTML 1.0 Transitional//EN"
    "http://www.w3.org/TR/xhtml1/DTD/xhtml1-transitional.dtd">
<html xmlns="http://www.w3.org/1999/xhtml" xml:lang="en" lang="en">
 <head>
  <title>
</title>
<meta http-equiv="Content-Type" content="text/html;charset=utf-8" />
  <meta name='ocr-system' content='tesseract 3.04.00' />
  <meta name='ocr-capabilities' content='ocr_page ocr_carea ocr_par ocr_line ocrx_word'/>
</head>
<body>
  <div class='ocr_page' id='page_1' title='image "./euripidistragoe04eurigoog_0160.png"; bbox 0 0 2408 3862; ppageno 0'>
   <div class='ocr_carea' id='block_1_1' title="bbox 486 164 1083 239">
    <p class='ocr_par' dir='ltr' id='par_1_1' title="bbox 486 164 1083 239">
     <span class='ocr_line' id='line_1_1' title="bbox 486 164 1083 239; baseline 0.003 -24"><span class='ocrx_word' id='word_1_1' title='bbox 486 165 716 239; x_wconf 73' lang='lat' dir='ltr'>McAArrnmfl</span> <span class='ocrx_word' id='word_1_2' title='bbox 1021 164 1083 229; x_wconf 76' lang='lat'><em>129</em></span> 
     </span>
    </p>
   </div>
   <div class='ocr_carea' id='block_1_2' title="bbox 118 326 1082 648">
    <p class='ocr_par' dir='ltr' id='par_1_2' title="bbox 118 326 1082 648">
     <span class='ocr_line' id='line_1_2' title="bbox 118 326 1082 412; baseline -0.006 -15"><span class='ocrx_word' id='word_1_3' title='bbox 118 342 189 398; x_wconf 80' lang='lat' dir='ltr'>&lt;luae</span> <span class='ocrx_word' id='word_1_4' title='bbox 212 339 324 394; x_wconf 79' lang='lat' dir='ltr'>fuerunt</span> <span class='ocrx_word' id='word_1_5' title='bbox 348 336 429 394; x_wconf 89' lang='lat' dir='ltr'>huius</span> <span class='ocrx_word' id='word_1_6' title='bbox 455 337 529 394; x_wconf 77' lang='lat' dir='ltr'>tituli</span> <span class='ocrx_word' id='word_1_7' title='bbox 552 336 675 410; x_wconf 74' lang='lat' dir='ltr'>fabulae,</span> <span class='ocrx_word' id='word_1_8' title='bbox 704 355 818 412; x_wconf 83' lang='lat' dir='ltr'>querum</span> <span class='ocrx_word' id='word_1_9' title='bbox 839 339 922 396; x_wconf 79' lang='lat' dir='ltr'>altera</span> <span class='ocrx_word' id='word_1_10' title='bbox 946 328 966 412; x_wconf 86' lang='lat'><em>6</em></span> <span class='ocrx_word' id='word_1_11' title='bbox 993 326 1082 412; x_wconf 76' lang='grc' dir='ltr'><em>σοφή,</em></span> 
     </span>
     <span class='ocr_line' id='line_1_3' title="bbox 120 412 1082 496; baseline -0.001 -16"><span class='ocrx_word' id='word_1_12' title='bbox 120 424 206 481; x_wconf 78' lang='lat' dir='ltr'>altera</span> <span class='ocrx_word' id='word_1_13' title='bbox 226 412 245 494; x_wconf 87' lang='lat'><em>6</em></span> <span class='ocrx_word' id='word_1_14' title='bbox 268 418 407 495; x_wconf 75' lang='grc' dir='ltr'><em>δεσμώτας</em></span> <span class='ocrx_word' id='word_1_15' title='bbox 428 421 597 496; x_wconf 59' lang='lat' dir='ltr'><strong>appellatum</strong></span> <span class='ocrx_word' id='word_1_16' title='bbox 618 423 742 495; x_wconf 83' lang='lat' dir='ltr'>plerique</span> <span class='ocrx_word' id='word_1_17' title='bbox 762 431 852 478; x_wconf 85' lang='lat' dir='ltr'>tamen</span> <span class='ocrx_word' id='word_1_18' title='bbox 874 430 957 478; x_wconf 76' lang='lat' dir='ltr'>testes</span> <span class='ocrx_word' id='word_1_19' title='bbox 978 422 1082 496; x_wconf 90' lang='lat' dir='ltr'>simpli·</span> 
     </span>
     <span class='ocr_line' id='line_1_4' title="bbox 120 501 1081 581; baseline -0.001 -18"><span class='ocrx_word' id='word_1_20' title='bbox 120 509 190 564; x_wconf 89' lang='lat' dir='ltr'>citer</span> <span class='ocrx_word' id='word_1_21' title='bbox 209 501 417 577; x_wconf 77' lang='grc' dir='ltr'><em>Μελανίππην</em></span> <span class='ocrx_word' id='word_1_22' title='bbox 437 506 562 578; x_wconf 79' lang='lat' dir='ltr'>laudent,</span> <span class='ocrx_word' id='word_1_23' title='bbox 589 522 677 581; x_wconf 82' lang='lat' dir='ltr'>neque</span> <span class='ocrx_word' id='word_1_24' title='bbox 702 507 788 562; x_wconf 84' lang='lat' dir='ltr'>ausim</span> <span class='ocrx_word' id='word_1_25' title='bbox 810 507 955 564; x_wconf 80' lang='lat' dir='ltr'>decernere</span> <span class='ocrx_word' id='word_1_26' title='bbox 981 507 1081 580; x_wconf 83' lang='lat' dir='ltr'><strong>singuli</strong></span> 
     </span>
     <span class='ocr_line' id='line_1_5' title="bbox 120 589 503 648; baseline -0.01 0"><span class='ocrx_word' id='word_1_27' title='bbox 120 593 175 648; x_wconf 87' lang='lat' dir='ltr'>loci</span> <span class='ocrx_word' id='word_1_28' title='bbox 191 592 279 647; x_wconf 77' lang='lat' dir='ltr'>utrius</span> <span class='ocrx_word' id='word_1_29' title='bbox 296 593 351 647; x_wconf 73' lang='lat' dir='ltr'>sint</span> <span class='ocrx_word' id='word_1_30' title='bbox 365 589 503 648; x_wconf 79' lang='lat' dir='ltr'>dramatis.</span> 
     </span>
    </p>
   </div>
   <div class='ocr_carea' id='block_1_3' title="bbox 382 770 826 822">
    <p class='ocr_par' dir='ltr' id='par_1_3' title="bbox 382 770 826 822">
     <span class='ocr_line' id='line_1_6' title="bbox 382 770 826 822; baseline 0 -1"><span class='ocrx_word' id='word_1_31' title='bbox 382 770 648 821; x_wconf 83' lang='grc' dir='ltr'><strong><em>ΜΕΛΑΝΙΠΠΗ</em></strong></span> <span class='ocrx_word' id='word_1_32' title='bbox 665 771 692 820; x_wconf 93' lang='grc' dir='ltr'><strong>Η</strong></span> <span class='ocrx_word' id='word_1_33' title='bbox 710 772 826 822; x_wconf 88' lang='grc' dir='ltr'><strong>ΣΟΦΗ</strong></span> 
     </span>
    </p>
   </div>
   <div class='ocr_carea' id='block_1_4' title="bbox 120 864 1137 3394">
    <p class='ocr_par' dir='ltr' id='par_1_4' title="bbox 120 864 1137 2047">
     <span class='ocr_line' id='line_1_7' title="bbox 186 864 1083 970; baseline -0.001 -37"><span class='ocrx_word' id='word_1_34' title='bbox 186 878 334 950; x_wconf 82' lang='lat' dir='ltr'>Gregorius</span> <span class='ocrx_word' id='word_1_35' title='bbox 355 875 414 969; x_wconf 84' lang='lat' dir='ltr'><em>Cpr</em></span> <span class='ocrx_word' id='word_1_36' title='bbox 436 875 513 930; x_wconf 86' lang='lat' dir='ltr'>Rhct.</span> <span class='ocrx_word' id='word_1_37' title='bbox 539 874 590 930; x_wconf 88' lang='lat' dir='ltr'><strong>vol.</strong></span> <span class='ocrx_word' id='word_1_38' title='bbox 613 874 630 930; x_wconf 79' lang='lat'><strong>7</strong></span> <span class='ocrx_word' id='word_1_39' title='bbox 656 892 684 948; x_wconf 91' lang='lat' dir='ltr'><em>p.</em></span> <span class='ocrx_word' id='word_1_40' title='bbox 704 875 798 934; x_wconf 85' lang='lat'><strong>1313:</strong></span> <span class='ocrx_word' id='word_1_41' title='bbox 824 864 896 970; x_wconf 78' lang='grc' dir='ltr'><em>ἡδὲ</em></span> <span class='ocrx_word' id='word_1_42' title='bbox 916 879 969 950; x_wconf 77' lang='grc' dir='ltr'><em>τῆς</em></span> <span class='ocrx_word' id='word_1_43' title='bbox 989 875 1083 954; x_wconf 79' lang='grc' dir='ltr'><em>σοφῆς</em></span> 
     </span>
     <span class='ocr_line' id='line_1_8' title="bbox 120 948 1083 1056; baseline -0.001 -38"><span class='ocrx_word' id='word_1_44' title='bbox 120 959 324 1032; x_wconf 80' lang='grc' dir='ltr'><strong><em>Μελανίππης</em></strong></span> <span class='ocrx_word' id='word_1_45' title='bbox 339 948 415 1030; x_wconf 74' lang='grc' dir='ltr'><em>αὕτη</em></span> <span class='ocrx_word' id='word_1_46' title='bbox 432 953 554 1056; x_wconf 90' lang='grc' dir='ltr'><em>ίστορία.</em></span> <span class='ocrx_word' id='word_1_47' title='bbox 576 952 721 1029; x_wconf 81' lang='grc' dir='ltr'><em>Ἕλληνος</em></span> <span class='ocrx_word' id='word_1_48' title='bbox 735 963 790 1016; x_wconf 78' lang='grc' dir='ltr'><em>τοῦ</em></span> <span class='ocrx_word' id='word_1_49' title='bbox 805 948 880 1027; x_wconf 89' lang='grc' dir='ltr'><em>Διὸς</em></span> <span class='ocrx_word' id='word_1_50' title='bbox 894 956 1004 1028; x_wconf 83' lang='grc' dir='ltr'><em>Αἴολος</em></span> <span class='ocrx_word' id='word_1_51' title='bbox 1018 979 1083 1017; x_wconf 88' lang='grc' dir='ltr'><em>τεκ-</em></span> 
     </span>
     <span class='ocr_line' id='line_1_9' title="bbox 120 1032 1137 1117; baseline 0 -17"><span class='ocrx_word' id='word_1_52' title='bbox 120 1039 232 1113; x_wconf 87' lang='grc' dir='ltr'><em>νωθελς</em></span> <span class='ocrx_word' id='word_1_53' title='bbox 254 1036 332 1099; x_wconf 87' lang='grc' dir='ltr'><em>έκ</em></span> <span class='ocrx_word' id='word_1_54' title='bbox 300 1060 356 1117; x_wconf 90' lang='grc' dir='ltr'><em>μεν</em></span> <span class='ocrx_word' id='word_1_55' title='bbox 374 1039 427 1113; x_wconf 80' lang='grc' dir='ltr'><em>τῆς</em></span> <span class='ocrx_word' id='word_1_56' title='bbox 442 1032 648 1117; x_wconf 79' lang='grc' dir='ltr'><em>Εὖρυδέκηςέ</em></span> <span class='ocrx_word' id='word_1_57' title='bbox 648 1037 772 1117; x_wconf 81' lang='grc' dir='ltr'><em>γέννησε</em></span> <span class='ocrx_word' id='word_1_58' title='bbox 787 1037 912 1117; x_wconf 78' lang='grc' dir='ltr'><strong><em>Κρηθέα</em></strong></span> <span class='ocrx_word' id='word_1_59' title='bbox 931 1039 983 1100; x_wconf 89' lang='grc' dir='ltr'><em>καλ</em></span> <span class='ocrx_word' id='word_1_60' title='bbox 1004 1046 1083 1101; x_wconf 85' lang='grc' dir='ltr'><em>Σαλ-</em></span> <span class='ocrx_word' id='word_1_61' title='bbox 1135 1102 1137 1106; x_wconf 14' lang='grc' dir='ltr'><em>Α</em></span> 
     </span>
     <span class='ocr_line' id='line_1_10' title="bbox 120 1118 1083 1230; baseline 0.003 -46"><span class='ocrx_word' id='word_1_62' title='bbox 120 1126 221 1203; x_wconf 85' lang='grc' dir='ltr'><em>μωνέα</em></span> <span class='ocrx_word' id='word_1_63' title='bbox 234 1145 286 1182; x_wconf 91' lang='grc' dir='ltr'><em>και</em></span> <span class='ocrx_word' id='word_1_64' title='bbox 277 1121 491 1202; x_wconf 80' lang='grc' dir='ltr'><em>Σέσυφον*),</em></span> <span class='ocrx_word' id='word_1_65' title='bbox 513 1119 545 1180; x_wconf 85' lang='grc' dir='ltr'><em>έκ</em></span> <span class='ocrx_word' id='word_1_66' title='bbox 560 1118 647 1181; x_wconf 76' lang='grc' dir='ltr'><em>δέ</em></span> <span class='ocrx_word' id='word_1_67' title='bbox 611 1144 663 1200; x_wconf 89' lang='grc' dir='ltr'><em>της</em></span> <span class='ocrx_word' id='word_1_68' title='bbox 682 1124 833 1224; x_wconf 85' lang='grc' dir='ltr'><em>Χείρωνος</em></span> <span class='ocrx_word' id='word_1_69' title='bbox 846 1118 1024 1230; x_wconf 79' lang='grc' dir='ltr'><em>θυγατρὸς</em></span> <span class='ocrx_word' id='word_1_70' title='bbox 1023 1126 1083 1187; x_wconf 83' lang='grc' dir='ltr'><em>Ἰπ-</em></span> 
     </span>
     <span class='ocr_line' id='line_1_11' title="bbox 121 1199 1082 1307; baseline 0.001 -38"><span class='ocrx_word' id='word_1_71' title='bbox 121 1231 182 1286; x_wconf 90' lang='grc' dir='ltr'><em>πης</em></span> <span class='ocrx_word' id='word_1_72' title='bbox 202 1205 303 1269; x_wconf 83' lang='grc' dir='ltr'><em>κολλλει</em></span> <span class='ocrx_word' id='word_1_73' title='bbox 327 1205 528 1286; x_wconf 89' lang='grc' dir='ltr'><em>διαφέρουσαν</em></span> <span class='ocrx_word' id='word_1_74' title='bbox 543 1207 763 1307; x_wconf 79' lang='grc' dir='ltr'><em>Μελανίππην.</em></span> <span class='ocrx_word' id='word_1_75' title='bbox 786 1199 874 1280; x_wconf 79' lang='grc' dir='ltr'><em>αὐτὸς</em></span> <span class='ocrx_word' id='word_1_76' title='bbox 887 1209 942 1285; x_wconf 80' lang='grc' dir='ltr'><em>μὲν</em></span> <span class='ocrx_word' id='word_1_77' title='bbox 956 1201 1014 1270; x_wconf 76' lang='grc' dir='ltr'><em>οὖν</em></span> <span class='ocrx_word' id='word_1_78' title='bbox 1028 1204 1082 1286; x_wconf 90' lang='grc' dir='ltr'><em>φό-</em></span> 
     </span>
     <span class='ocr_line' id='line_1_12' title="bbox 122 1284 1082 1371; baseline 0.003 -18"><span class='ocrx_word' id='word_1_79' title='bbox 122 1313 179 1353; x_wconf 89' lang='grc' dir='ltr'><em>νον</em></span> <span class='ocrx_word' id='word_1_80' title='bbox 193 1289 318 1369; x_wconf 77' lang='grc' dir='ltr'><em>ποιησας</em></span> <span class='ocrx_word' id='word_1_81' title='bbox 332 1287 411 1350; x_wconf 77' lang='grc' dir='ltr'><em>ἐπ”</em></span> <span class='ocrx_word' id='word_1_82' title='bbox 397 1289 536 1350; x_wconf 88' lang='grc' dir='ltr'><em>ενιαυτδν</em></span> <span class='ocrx_word' id='word_1_83' title='bbox 549 1285 667 1367; x_wconf 76' lang='grc' dir='ltr'><em>ἀπῆλθε</em></span> <span class='ocrx_word' id='word_1_84' title='bbox 682 1287 794 1370; x_wconf 79' lang='grc' dir='ltr'><em>φυμοὶς,</em></span> <span class='ocrx_word' id='word_1_85' title='bbox 810 1284 864 1371; x_wconf 79' lang='grc' dir='ltr'><em>τὴν</em></span> <span class='ocrx_word' id='word_1_86' title='bbox 880 1291 911 1354; x_wconf 82' lang='grc' dir='ltr'><em>δὲ</em></span> <span class='ocrx_word' id='word_1_87' title='bbox 926 1296 1082 1355; x_wconf 87' lang='grc' dir='ltr'><em>Μελανίπ-</em></span> 
     </span>
     <span class='ocr_line' id='line_1_13' title="bbox 121 1369 1083 1475; baseline 0.002 -39"><span class='ocrx_word' id='word_1_88' title='bbox 121 1400 184 1475; x_wconf 82' lang='grc' dir='ltr'><em>πην</em></span> <span class='ocrx_word' id='word_1_89' title='bbox 199 1376 354 1436; x_wconf 82' lang='grc' dir='ltr'><em>Ποσειδῶν</em></span> <span class='ocrx_word' id='word_1_90' title='bbox 375 1369 506 1450; x_wconf 78' lang='grc' dir='ltr'><em>διδύμων</em></span> <span class='ocrx_word' id='word_1_91' title='bbox 520 1375 635 1435; x_wconf 82' lang='grc' dir='ltr'><em>παίδων</em></span> <span class='ocrx_word' id='word_1_92' title='bbox 651 1374 759 1454; x_wconf 78' lang='grc' dir='ltr'><em>ἔγκυον</em></span> <span class='ocrx_word' id='word_1_93' title='bbox 778 1371 961 1456; x_wconf 78' lang='grc' dir='ltr'><em>ἐποίησεν·</em></span> <span class='ocrx_word' id='word_1_94' title='bbox 950 1400 968 1454; x_wconf 91' lang='grc' dir='ltr'><em>η</em></span> <span class='ocrx_word' id='word_1_95' title='bbox 963 1373 1017 1438; x_wconf 82' lang='grc' dir='ltr'><em>δέ</em></span> <span class='ocrx_word' id='word_1_96' title='bbox 1033 1371 1083 1438; x_wconf 82' lang='lat' dir='ltr'><em>6c6</em></span> 
     </span>
     <span class='ocr_line' id='line_1_14' title="bbox 122 1449 1082 1561; baseline 0.001 -39"><span class='ocrx_word' id='word_1_97' title='bbox 122 1456 178 1540; x_wconf 76' lang='grc' dir='ltr'><em>τὴν</em></span> <span class='ocrx_word' id='word_1_98' title='bbox 192 1462 246 1521; x_wconf 80' lang='grc' dir='ltr'><em>τοῦ</em></span> <span class='ocrx_word' id='word_1_99' title='bbox 266 1450 375 1540; x_wconf 82' lang='grc' dir='ltr'><em>πατρὸς</em></span> <span class='ocrx_word' id='word_1_100' title='bbox 389 1459 568 1539; x_wconf 79' lang='grc' dir='ltr'><em>προσδοκίαν</em></span> <span class='ocrx_word' id='word_1_101' title='bbox 583 1449 650 1532; x_wconf 72' lang='grc' dir='ltr'><em>τοὺς</em></span> <span class='ocrx_word' id='word_1_102' title='bbox 669 1459 914 1561; x_wconf 81' lang='grc' dir='ltr'><em>γεννηθένταςί</em></span> <span class='ocrx_word' id='word_1_103' title='bbox 887 1484 900 1522; x_wconf 95' lang='grc' dir='ltr'><em>ε</em></span> <span class='ocrx_word' id='word_1_104' title='bbox 914 1485 928 1533; x_wconf 87' lang='grc' dir='ltr'><em>ς</em></span> <span class='ocrx_word' id='word_1_105' title='bbox 942 1456 997 1539; x_wconf 73' lang='grc' dir='ltr'><em>τὴν</em></span> <span class='ocrx_word' id='word_1_106' title='bbox 1011 1459 1082 1542; x_wconf 84' lang='grc' dir='ltr'><em>βού·</em></span> 
     </span>
     <span class='ocr_line' id='line_1_15' title="bbox 120 1537 1083 1648; baseline 0.002 -43"><span class='ocrx_word' id='word_1_107' title='bbox 120 1562 225 1606; x_wconf 88' lang='grc' dir='ltr'><em>στασιν</em></span> <span class='ocrx_word' id='word_1_108' title='bbox 240 1544 383 1605; x_wconf 85' lang='grc' dir='ltr'><em>έδωκε</em></span> <span class='ocrx_word' id='word_1_109' title='bbox 342 1567 390 1648; x_wconf 85' lang='grc' dir='ltr'><em>τη</em></span> <span class='ocrx_word' id='word_1_110' title='bbox 396 1544 499 1648; x_wconf 57' lang='grc' dir='ltr'><em>τρρφολ</em></span> <span class='ocrx_word' id='word_1_111' title='bbox 513 1549 615 1604; x_wconf 87' lang='grc' dir='ltr'><em>θεῖναι</em></span> <span class='ocrx_word' id='word_1_112' title='bbox 630 1537 705 1603; x_wconf 75' lang='grc' dir='ltr'><em>κατὰ</em></span> <span class='ocrx_word' id='word_1_113' title='bbox 719 1537 774 1621; x_wconf 76' lang='grc' dir='ltr'><em>τὴν</em></span> <span class='ocrx_word' id='word_1_114' title='bbox 790 1538 911 1642; x_wconf 74' lang='grc' dir='ltr'><em>ἐντολὴν</em></span> <span class='ocrx_word' id='word_1_115' title='bbox 925 1549 978 1608; x_wconf 84' lang='grc' dir='ltr'><em>τοῦ</em></span> <span class='ocrx_word' id='word_1_116' title='bbox 993 1569 1083 1607; x_wconf 85' lang='grc' dir='ltr'><em>κατα-</em></span> 
     </span>
     <span class='ocr_line' id='line_1_16' title="bbox 121 1619 1084 1730; baseline 0.001 -40"><span class='ocrx_word' id='word_1_117' title='bbox 121 1630 304 1709; x_wconf 79' lang='grc' dir='ltr'><em>σπείραντος.</em></span> <span class='ocrx_word' id='word_1_118' title='bbox 333 1619 392 1688; x_wconf 81' lang='grc' dir='ltr'><em>δπὸ</em></span> <span class='ocrx_word' id='word_1_119' title='bbox 415 1625 447 1687; x_wconf 84' lang='grc' dir='ltr'><em>δὲ</em></span> <span class='ocrx_word' id='word_1_120' title='bbox 466 1619 523 1703; x_wconf 78' lang='grc' dir='ltr'><em>τὴν</em></span> <span class='ocrx_word' id='word_1_121' title='bbox 542 1625 677 1688; x_wconf 79' lang='grc' dir='ltr'><em>κάθοδον</em></span> <span class='ocrx_word' id='word_1_122' title='bbox 696 1650 749 1689; x_wconf 89' lang='grc' dir='ltr'><em>του</em></span> <span class='ocrx_word' id='word_1_123' title='bbox 737 1623 965 1691; x_wconf 77' lang='grc' dir='ltr'><em>δυνάστου</em></span> <span class='ocrx_word' id='word_1_124' title='bbox 931 1654 968 1691; x_wconf 91' lang='grc' dir='ltr'><em>τα</em></span> <span class='ocrx_word' id='word_1_125' title='bbox 985 1629 1084 1730; x_wconf 87' lang='grc' dir='ltr'><em>βρέφη</em></span> 
     </span>
     <span class='ocr_line' id='line_1_17' title="bbox 123 1705 1082 1816; baseline 0.003 -42"><span class='ocrx_word' id='word_1_126' title='bbox 123 1712 201 1786; x_wconf 80' lang='grc' dir='ltr'><em>τινὲς</em></span> <span class='ocrx_word' id='word_1_127' title='bbox 223 1714 283 1774; x_wconf 78' lang='grc' dir='ltr'><em>τῶν</em></span> <span class='ocrx_word' id='word_1_128' title='bbox 308 1708 463 1816; x_wconf 69' lang='grc' dir='ltr'><em>βουκόλων</em></span> <span class='ocrx_word' id='word_1_129' title='bbox 488 1705 694 1789; x_wconf 89' lang='grc' dir='ltr'><em>φνλαττομευα</em></span> <span class='ocrx_word' id='word_1_130' title='bbox 719 1712 773 1790; x_wconf 79' lang='grc' dir='ltr'><em>μὲν</em></span> <span class='ocrx_word' id='word_1_131' title='bbox 798 1706 858 1775; x_wconf 76' lang='grc' dir='ltr'><em>ὑπὸ</em></span> <span class='ocrx_word' id='word_1_132' title='bbox 884 1716 938 1776; x_wconf 82' lang='grc' dir='ltr'><em>τοῦ</em></span> <span class='ocrx_word' id='word_1_133' title='bbox 960 1714 1082 1795; x_wconf 81' lang='grc' dir='ltr'><em>ταύρου,</em></span> 
     </span>
     <span class='ocr_line' id='line_1_18' title="bbox 122 1792 1084 1902; baseline 0 -44"><span class='ocrx_word' id='word_1_134' title='bbox 122 1793 313 1875; x_wconf 85' lang='grc' dir='ltr'><em>θηλαζόμενα</em></span> <span class='ocrx_word' id='word_1_135' title='bbox 335 1792 405 1857; x_wconf 61' lang='grc' dir='ltr'><em>δὲ’</em></span> <span class='ocrx_word' id='word_1_136' title='bbox 388 1793 447 1856; x_wconf 87' lang='grc' dir='ltr'><em>υπδ</em></span> <span class='ocrx_word' id='word_1_137' title='bbox 468 1796 537 1893; x_wconf 81' lang='grc' dir='ltr'><em>μιᾶς</em></span> <span class='ocrx_word' id='word_1_138' title='bbox 558 1798 619 1855; x_wconf 82' lang='grc' dir='ltr'><em>τῶν</em></span> <span class='ocrx_word' id='word_1_139' title='bbox 643 1798 724 1899; x_wconf 74' lang='grc' dir='ltr'><em>βορλν</em></span> <span class='ocrx_word' id='word_1_140' title='bbox 746 1795 917 1897; x_wconf 69' lang='grc' dir='ltr'><em>ίδδυτες,</em></span> <span class='ocrx_word' id='word_1_141' title='bbox 894 1823 935 1870; x_wconf 89' lang='grc' dir='ltr'><em>ως</em></span> <span class='ocrx_word' id='word_1_142' title='bbox 954 1800 1084 1902; x_wconf 71' lang='grc' dir='ltr'><em>βουφενῆ</em></span> 
     </span>
     <span class='ocr_line' id='line_1_19' title="bbox 122 1872 1083 1978; baseline 0 -36"><span class='ocrx_word' id='word_1_143' title='bbox 122 1881 272 1967; x_wconf 86' lang='grc' dir='ltr'><em>τέρατα</em></span> <span class='ocrx_word' id='word_1_144' title='bbox 242 1889 287 1943; x_wconf 77' lang='lat' dir='ltr'><em>wi</em></span> <span class='ocrx_word' id='word_1_145' title='bbox 304 1883 425 1959; x_wconf 83' lang='grc' dir='ltr'><em>βασιλεῖ</em></span> <span class='ocrx_word' id='word_1_146' title='bbox 440 1872 661 1978; x_wconf 75' lang='grc' dir='ltr'><em>προσήνεγκαν·</em></span> <span class='ocrx_word' id='word_1_147' title='bbox 683 1903 699 1941; x_wconf 94' lang='grc' dir='ltr'><em>ο</em></span> <span class='ocrx_word' id='word_1_148' title='bbox 692 1877 800 1943; x_wconf 86' lang='grc' dir='ltr'><em>δέ</em></span> <span class='ocrx_word' id='word_1_149' title='bbox 764 1905 800 1964; x_wconf 85' lang='grc' dir='ltr'><em>τη</em></span> <span class='ocrx_word' id='word_1_150' title='bbox 820 1883 875 1943; x_wconf 80' lang='grc' dir='ltr'><em>τοῦ</em></span> <span class='ocrx_word' id='word_1_151' title='bbox 894 1877 1003 1964; x_wconf 88' lang='grc' dir='ltr'><em>πατρὸς</em></span> <span class='ocrx_word' id='word_1_152' title='bbox 1011 1878 1083 1943; x_wconf 84' lang='grc' dir='ltr'><em>Έλ-</em></span> 
     </span>
     <span class='ocr_line' id='line_1_20' title="bbox 124 1945 1082 2069; baseline 0.001 -44"><span class='ocrx_word' id='word_1_153' title='bbox 124 1971 212 2044; x_wconf 85' lang='grc' dir='ltr'><em>ληνος</em></span> <span class='ocrx_word' id='word_1_154' title='bbox 226 1945 333 2048; x_wconf 79' lang='grc' dir='ltr'><em>γνώμη</em></span> <span class='ocrx_word' id='word_1_155' title='bbox 346 1961 481 2034; x_wconf 85' lang='grc' dir='ltr'><em>πεισθεὶς</em></span> <span class='ocrx_word' id='word_1_156' title='bbox 495 1953 723 2025; x_wconf 81' lang='grc' dir='ltr'><em>δλοκαυτοδν</em></span> <span class='ocrx_word' id='word_1_157' title='bbox 691 1988 727 2024; x_wconf 91' lang='grc' dir='ltr'><em>τα</em></span> <span class='ocrx_word' id='word_1_158' title='bbox 745 1965 843 2068; x_wconf 89' lang='grc' dir='ltr'><em>βρέφη</em></span> <span class='ocrx_word' id='word_1_159' title='bbox 854 1969 962 2069; x_wconf 86' lang='grc' dir='ltr'><em>κρίνας</em></span> <span class='ocrx_word' id='word_1_160' title='bbox 976 1971 1082 2027; x_wconf 91' lang='grc' dir='ltr'><em>Μελα-</em></span> 
     </span>
    </p>

    <p class='ocr_par' dir='ltr' id='par_1_5' title="bbox 122 2026 1085 3394">
     <span class='ocr_line' id='line_1_21' title="bbox 123 2026 1083 2153; baseline 0 -42"><span class='ocrx_word' id='word_1_161' title='bbox 123 2055 268 2132; x_wconf 85' lang='grc' dir='ltr'><em>υίππη</em></span> <span class='ocrx_word' id='word_1_162' title='bbox 232 2074 268 2152; x_wconf 85' lang='grc' dir='ltr'><em>τη</em></span> <span class='ocrx_word' id='word_1_163' title='bbox 288 2026 416 2151; x_wconf 73' lang='grc' dir='ltr'><em>θυφατρλ</em></span> <span class='ocrx_word' id='word_1_164' title='bbox 431 2047 605 2153; x_wconf 81' lang='grc' dir='ltr'><em>προσέταξεν</em></span> <span class='ocrx_word' id='word_1_165' title='bbox 625 2045 825 2126; x_wconf 87' lang='grc' dir='ltr'><em>ένταφίοις’</em></span> <span class='ocrx_word' id='word_1_166' title='bbox 789 2046 865 2111; x_wconf 74' lang='grc' dir='ltr'><em>αυτοὶ</em></span> <span class='ocrx_word' id='word_1_167' title='bbox 880 2051 1040 2130; x_wconf 77' lang='grc' dir='ltr'><em>κοσμῆσαι</em></span> <span class='ocrx_word' id='word_1_168' title='bbox 1062 2045 1083 2128; x_wconf 89' lang='lat'><em>6</em></span> 
     </span>
     <span class='ocr_line' id='line_1_22' title="bbox 125 2127 1082 2214; baseline 0.003 -20"><span class='ocrx_word' id='word_1_169' title='bbox 125 2133 221 2196; x_wconf 80' lang='grc' dir='ltr'><em>δὲκαὶ</em></span> <span class='ocrx_word' id='word_1_170' title='bbox 237 2130 288 2195; x_wconf 86' lang='grc' dir='ltr'><em>τδν</em></span> <span class='ocrx_word' id='word_1_171' title='bbox 302 2131 415 2210; x_wconf 88' lang='grc' dir='ltr'><em>κόσμον</em></span> <span class='ocrx_word' id='word_1_172' title='bbox 429 2130 580 2205; x_wconf 83' lang='grc' dir='ltr'><em>αὖτοῑςπ</em></span> <span class='ocrx_word' id='word_1_173' title='bbox 543 2130 580 2192; x_wconf 85' lang='grc' dir='ltr'><em>έπ</em></span> <span class='ocrx_word' id='word_1_174' title='bbox 582 2132 673 2209; x_wconf 88' lang='grc' dir='ltr'><em>έθηκε</em></span> <span class='ocrx_word' id='word_1_175' title='bbox 687 2131 738 2193; x_wconf 87' lang='grc' dir='ltr'><em>καλ</em></span> <span class='ocrx_word' id='word_1_176' title='bbox 753 2127 906 2214; x_wconf 80' lang='grc' dir='ltr'><em>τὸνλόγον</em></span> <span class='ocrx_word' id='word_1_177' title='bbox 920 2134 962 2209; x_wconf 87' lang='grc' dir='ltr'><em>είς</em></span> <span class='ocrx_word' id='word_1_178' title='bbox 975 2138 1082 2214; x_wconf 91' lang='grc' dir='ltr'><em>παραί-</em></span> 
     </span>
     <span class='ocr_line' id='line_1_23' title="bbox 123 2213 1081 2317; baseline 0.001 -36"><span class='ocrx_word' id='word_1_179' title='bbox 123 2213 528 2317; x_wconf 81' lang='grc' dir='ltr'><em>τησινέξέθηκεφιλότιμον.</em></span> <span class='ocrx_word' id='word_1_180' title='bbox 557 2222 699 2315; x_wconf 84' lang='lat' dir='ltr'>Dionysius</span> <span class='ocrx_word' id='word_1_181' title='bbox 716 2223 774 2278; x_wconf 85' lang='lat' dir='ltr'><strong>Hal.</strong></span> <span class='ocrx_word' id='word_1_182' title='bbox 790 2224 868 2280; x_wconf 80' lang='lat' dir='ltr'>Rhet</span> <span class='ocrx_word' id='word_1_183' title='bbox 885 2222 1081 2295; x_wconf 81' lang='lat' dir='ltr'><strong>9‚11v01.5</strong></span> 
     </span>
     <span class='ocr_line' id='line_1_24' title="bbox 124 2266 1083 2404; baseline -0.001 -39"><span class='ocrx_word' id='word_1_184' title='bbox 124 2327 151 2383; x_wconf 97' lang='lat' dir='ltr'><em>p.</em></span> <span class='ocrx_word' id='word_1_185' title='bbox 167 2307 242 2365; x_wconf 88' lang='grc'><em>355.</em></span> <span class='ocrx_word' id='word_1_186' title='bbox 264 2294 483 2404; x_wconf 77' lang='grc' dir='ltr'><em>ηΜελανίππη</em></span> <span class='ocrx_word' id='word_1_187' title='bbox 503 2296 595 2378; x_wconf 82' lang='grc' dir='ltr'><em>σοφή,</em></span> <span class='ocrx_word' id='word_1_188' title='bbox 617 2293 650 2361; x_wconf 86' lang='grc' dir='ltr'><em>τὸ</em></span> <span class='ocrx_word' id='word_1_189' title='bbox 671 2300 768 2379; x_wconf 77' lang='grc' dir='ltr'><em>δρᾶμα</em></span> <span class='ocrx_word' id='word_1_190' title='bbox 781 2266 965 2400; x_wconf 78' lang='grc' dir='ltr'><em>Εὐριπίδου,</em></span> <span class='ocrx_word' id='word_1_191' title='bbox 987 2299 1083 2382; x_wconf 79' lang='grc' dir='ltr'><em>ἐπιγέ-</em></span> 
     </span>
     <span class='ocr_line' id='line_1_25' title="bbox 123 2379 1083 2490; baseline -0.001 -43"><span class='ocrx_word' id='word_1_192' title='bbox 123 2408 253 2485; x_wconf 79' lang='grc' dir='ltr'><em>γραπται</em></span> <span class='ocrx_word' id='word_1_193' title='bbox 269 2384 322 2464; x_wconf 81' lang='grc' dir='ltr'><em>μέν</em></span> <span class='ocrx_word' id='word_1_194' title='bbox 337 2380 430 2463; x_wconf 80' lang='grc' dir='ltr'><em>σοφή</em></span> <span class='ocrx_word' id='word_1_195' title='bbox 455 2381 498 2444; x_wconf 78' lang='grc' dir='ltr'><em>ὅτι</em></span> <span class='ocrx_word' id='word_1_196' title='bbox 520 2388 679 2490; x_wconf 86' lang='grc' dir='ltr'><em>φιλοσοφεῖ</em></span> <span class='ocrx_word' id='word_1_197' title='bbox 695 2383 746 2444; x_wconf 89' lang='grc' dir='ltr'><em>καλ</em></span> <span class='ocrx_word' id='word_1_198' title='bbox 769 2379 819 2444; x_wconf 82' lang='grc' dir='ltr'><em>δια</em></span> <span class='ocrx_word' id='word_1_199' title='bbox 839 2387 925 2448; x_wconf 81' lang='grc' dir='ltr'><em>τοῦτο</em></span> <span class='ocrx_word' id='word_1_200' title='bbox 945 2383 1083 2464; x_wconf 82' lang='grc' dir='ltr'><em>τοιαύτης</em></span> 
     </span>
     <span class='ocr_line' id='line_1_26' title="bbox 124 2458 1084 2571; baseline 0.002 -40"><span class='ocrx_word' id='word_1_201' title='bbox 124 2465 232 2549; x_wconf 87' lang='grc' dir='ltr'><em>μητρός</em></span> <span class='ocrx_word' id='word_1_202' title='bbox 247 2467 377 2549; x_wconf 75' lang='grc' dir='ltr'><em>έστιν,”</em></span> <span class='ocrx_word' id='word_1_203' title='bbox 361 2492 411 2528; x_wconf 94' lang='grc' dir='ltr'><em>ινα</em></span> <span class='ocrx_word' id='word_1_204' title='bbox 425 2491 466 2547; x_wconf 90' lang='grc' dir='ltr'><em>μη</em></span> <span class='ocrx_word' id='word_1_205' title='bbox 459 2458 666 2541; x_wconf 86' lang='grc' dir='ltr'><em>απιθανος</em></span> <span class='ocrx_word' id='word_1_206' title='bbox 644 2493 663 2554; x_wconf 83' lang='grc' dir='ltr'><em>η</em></span> <span class='ocrx_word' id='word_1_207' title='bbox 684 2493 704 2547; x_wconf 96' lang='grc' dir='ltr'><em>η</em></span> <span class='ocrx_word' id='word_1_208' title='bbox 693 2464 896 2571; x_wconf 63' lang='grc' dir='ltr'><em>’φιλοσοφία</em></span> <span class='ocrx_word' id='word_1_209' title='bbox 920 2470 980 2549; x_wconf 75' lang='grc' dir='ltr'><em>ἔχει</em></span> <span class='ocrx_word' id='word_1_210' title='bbox 995 2468 1026 2532; x_wconf 82' lang='grc' dir='ltr'><em>δέ</em></span> <span class='ocrx_word' id='word_1_211' title='bbox 1041 2471 1084 2533; x_wconf 84' lang='grc' dir='ltr'><em>δι·</em></span> 
     </span>
     <span class='ocr_line' id='line_1_27' title="bbox 123 2545 1084 2658; baseline 0 -42"><span class='ocrx_word' id='word_1_212' title='bbox 123 2557 219 2616; x_wconf 80' lang='grc' dir='ltr'><em>πλοῦν</em></span> <span class='ocrx_word' id='word_1_213' title='bbox 233 2559 345 2652; x_wconf 80' lang='grc' dir='ltr'><em>σχῆμα,</em></span> <span class='ocrx_word' id='word_1_214' title='bbox 360 2546 393 2613; x_wconf 78' lang='grc' dir='ltr'><em>τὸ</em></span> <span class='ocrx_word' id='word_1_215' title='bbox 408 2552 462 2632; x_wconf 84' lang='grc' dir='ltr'><em>μέν</em></span> <span class='ocrx_word' id='word_1_216' title='bbox 476 2550 528 2615; x_wconf 80' lang='grc' dir='ltr'><em>τοῦ</em></span> <span class='ocrx_word' id='word_1_217' title='bbox 543 2556 682 2630; x_wconf 81' lang='grc' dir='ltr'><em>ποιητοῦ,</em></span> <span class='ocrx_word' id='word_1_218' title='bbox 698 2574 730 2613; x_wconf 92' lang='grc' dir='ltr'><em>το</em></span> <span class='ocrx_word' id='word_1_219' title='bbox 721 2545 777 2616; x_wconf 82' lang='grc' dir='ltr'><em>δὲ</em></span> <span class='ocrx_word' id='word_1_220' title='bbox 791 2556 844 2614; x_wconf 87' lang='grc' dir='ltr'><em>τοῦ</em></span> <span class='ocrx_word' id='word_1_221' title='bbox 857 2551 1027 2658; x_wconf 79' lang='grc' dir='ltr'><em>προσώπου</em></span> <span class='ocrx_word' id='word_1_222' title='bbox 1030 2557 1084 2616; x_wconf 80' lang='grc' dir='ltr'><em>τοῦ</em></span> 
     </span>
     <span class='ocr_line' id='line_1_28' title="bbox 125 2633 1084 2738; baseline 0.003 -39"><span class='ocrx_word' id='word_1_223' title='bbox 125 2637 157 2699; x_wconf 82' lang='grc' dir='ltr'><em>έν</em></span> <span class='ocrx_word' id='word_1_224' title='bbox 174 2662 216 2722; x_wconf 85' lang='grc' dir='ltr'><em>τῳ</em></span> <span class='ocrx_word' id='word_1_225' title='bbox 205 2634 379 2718; x_wconf 78' lang='grc' dir='ltr'><em>δράματι,</em></span> <span class='ocrx_word' id='word_1_226' title='bbox 405 2647 458 2716; x_wconf 82' lang='grc' dir='ltr'><em>τῆς</em></span> <span class='ocrx_word' id='word_1_227' title='bbox 479 2638 689 2737; x_wconf 87' lang='grc' dir='ltr'><em>Μελανίππης.</em></span> <span class='ocrx_word' id='word_1_228' title='bbox 723 2652 751 2702; x_wconf 81' lang='grc' dir='ltr'><em>ελ</em></span> <span class='ocrx_word' id='word_1_229' title='bbox 770 2660 887 2738; x_wconf 85' lang='lat' dir='ltr'><strong>mcxp.</strong></span> <span class='ocrx_word' id='word_1_230' title='bbox 907 2645 982 2703; x_wconf 86' lang='lat'>356:</span> <span class='ocrx_word' id='word_1_231' title='bbox 1010 2633 1084 2719; x_wconf 79' lang='grc' dir='ltr'><em>ἡδὲ</em></span> 
     </span>
     <span class='ocr_line' id='line_1_29' title="bbox 124 2713 1082 2828; baseline -0.002 -42"><span class='ocrx_word' id='word_1_232' title='bbox 124 2724 311 2798; x_wconf 90' lang='grc' dir='ltr'><em>Μελανίππη</em></span> <span class='ocrx_word' id='word_1_233' title='bbox 327 2721 492 2800; x_wconf 79' lang='grc' dir='ltr'><em>ἐπαιδεύθη</em></span> <span class='ocrx_word' id='word_1_234' title='bbox 509 2719 539 2821; x_wconf 78' lang='grc' dir='ltr'><em>(ἕ</em></span> <span class='ocrx_word' id='word_1_235' title='bbox 540 2717 661 2801; x_wconf 78' lang='grc' dir='ltr'><em>πλησθη</em></span> <span class='ocrx_word' id='word_1_236' title='bbox 677 2721 829 2803; x_wconf 80' lang='grc' dir='ltr'><em>λλολολ.)</em></span> <span class='ocrx_word' id='word_1_237' title='bbox 797 2746 851 2801; x_wconf 92' lang='grc' dir='ltr'><em>μεν</em></span> <span class='ocrx_word' id='word_1_238' title='bbox 870 2713 929 2784; x_wconf 78' lang='grc' dir='ltr'><em>δπδ</em></span> <span class='ocrx_word' id='word_1_239' title='bbox 952 2745 1004 2828; x_wconf 81' lang='grc' dir='ltr'><em>τρο</em></span> <span class='ocrx_word' id='word_1_240' title='bbox 992 2727 1082 2784; x_wconf 88' lang='grc' dir='ltr'><em>Πο-</em></span> 
     </span>
     <span class='ocr_line' id='line_1_30' title="bbox 124 2800 1085 2906; baseline 0.003 -39"><span class='ocrx_word' id='word_1_241' title='bbox 124 2808 280 2882; x_wconf 72' lang='grc' dir='ltr'><em>σειδολνος,</em></span> <span class='ocrx_word' id='word_1_242' title='bbox 301 2805 403 2886; x_wconf 83' lang='grc' dir='ltr'><em>γέγονε</em></span> <span class='ocrx_word' id='word_1_243' title='bbox 425 2805 457 2866; x_wconf 85' lang='grc' dir='ltr'><em>δέ</em></span> <span class='ocrx_word' id='word_1_244' title='bbox 471 2801 564 2906; x_wconf 76' lang='grc' dir='ltr'><em>ταύτῃ</em></span> <span class='ocrx_word' id='word_1_245' title='bbox 578 2808 698 2882; x_wconf 85' lang='grc' dir='ltr'><em>παιδία,</em></span> <span class='ocrx_word' id='word_1_246' title='bbox 721 2806 843 2884; x_wconf 78' lang='grc' dir='ltr'><em>ἐξέθηκε</em></span> <span class='ocrx_word' id='word_1_247' title='bbox 858 2803 885 2867; x_wconf 89' lang='grc' dir='ltr'><em>δ’</em></span> <span class='ocrx_word' id='word_1_248' title='bbox 902 2803 978 2869; x_wconf 84' lang='grc' dir='ltr'><em>αὐτα</em></span> <span class='ocrx_word' id='word_1_249' title='bbox 968 2800 1079 2881; x_wconf 87' lang='grc' dir='ltr'><em>είς</em></span> <span class='ocrx_word' id='word_1_250' title='bbox 1049 2832 1085 2870; x_wconf 90' lang='grc' dir='ltr'><em>τα</em></span> 
     </span>
     <span class='ocr_line' id='line_1_31' title="bbox 124 2866 1083 2997; baseline 0.001 -45"><span class='ocrx_word' id='word_1_251' title='bbox 124 2894 178 2997; x_wconf 67' lang='lat'><em>606</em></span> <span class='ocrx_word' id='word_1_252' title='bbox 197 2883 306 2993; x_wconf 79' lang='grc' dir='ltr'><em>πατρὸς</em></span> <span class='ocrx_word' id='word_1_253' title='bbox 325 2882 508 2988; x_wconf 83' lang='grc' dir='ltr'><em>βουφόρβια·</em></span> <span class='ocrx_word' id='word_1_254' title='bbox 532 2866 601 2952; x_wconf 80' lang='grc' dir='ltr'><em>δδέ</em></span> <span class='ocrx_word' id='word_1_255' title='bbox 620 2885 719 2972; x_wconf 72' lang='grc' dir='ltr'><em>πατὴρ</em></span> <span class='ocrx_word' id='word_1_256' title='bbox 739 2885 907 2972; x_wconf 81' lang='grc' dir='ltr'><em>ἡγειταιέκ</em></span> <span class='ocrx_word' id='word_1_257' title='bbox 922 2886 991 2996; x_wconf 85' lang='grc' dir='ltr'><em>βοδς</em></span> <span class='ocrx_word' id='word_1_258' title='bbox 1006 2888 1083 2954; x_wconf 82' lang='grc' dir='ltr'><em>εἶναι</em></span> 
     </span>
     <span class='ocr_line' id='line_1_32' title="bbox 124 2968 1084 3078; baseline 0.001 -42"><span class='ocrx_word' id='word_1_259' title='bbox 124 2975 174 3036; x_wconf 87' lang='grc' dir='ltr'><em>καὶ</em></span> <span class='ocrx_word' id='word_1_260' title='bbox 191 2969 258 3049; x_wconf 83' lang='grc' dir='ltr'><em>ὡςτ</em></span> <span class='ocrx_word' id='word_1_261' title='bbox 260 2975 327 3078; x_wconf 90' lang='grc' dir='ltr'><em>έρας</em></span> <span class='ocrx_word' id='word_1_262' title='bbox 346 2970 483 3054; x_wconf 81' lang='grc' dir='ltr'><em>βούλεται</em></span> <span class='ocrx_word' id='word_1_263' title='bbox 504 2978 702 3037; x_wconf 82' lang='grc' dir='ltr'><em>κατακαῦσαι</em></span> <span class='ocrx_word' id='word_1_264' title='bbox 725 2978 881 3056; x_wconf 79' lang='grc' dir='ltr'><em>βοηθοῦσα</em></span> <span class='ocrx_word' id='word_1_265' title='bbox 900 2974 975 3077; x_wconf 67' lang='lat'>6666</span> <span class='ocrx_word' id='word_1_266' title='bbox 992 2968 1084 3057; x_wconf 75' lang='grc' dir='ltr'><em>(αὕτη</em></span> 
     </span>
     <span class='ocr_line' id='line_1_33' title="bbox 123 3049 1083 3163; baseline 0.002 -44"><span class='ocrx_word' id='word_1_267' title='bbox 123 3052 277 3141; x_wconf 88' lang='lat' dir='ltr'>Welck.)</span> <span class='ocrx_word' id='word_1_268' title='bbox 261 3083 281 3137; x_wconf 90' lang='grc' dir='ltr'><em>η</em></span> <span class='ocrx_word' id='word_1_269' title='bbox 306 3059 494 3158; x_wconf 88' lang='grc' dir='ltr'><em>Μελανίππη</em></span> <span class='ocrx_word' id='word_1_270' title='bbox 518 3049 741 3160; x_wconf 74' lang='grc' dir='ltr'><em>ἀποφαίνεσθαι</em></span> <span class='ocrx_word' id='word_1_271' title='bbox 766 3082 902 3140; x_wconf 82' lang='grc' dir='ltr'><em>πειραται</em></span> <span class='ocrx_word' id='word_1_272' title='bbox 927 3055 972 3120; x_wconf 75' lang='grc' dir='ltr'><em>ὅτι</em></span> <span class='ocrx_word' id='word_1_273' title='bbox 996 3058 1083 3163; x_wconf 81' lang='grc' dir='ltr'><em>τέρας</em></span> 
     </span>
     <span class='ocr_line' id='line_1_34' title="bbox 122 3134 1084 3243; baseline 0.002 -41"><span class='ocrx_word' id='word_1_274' title='bbox 122 3142 213 3204; x_wconf 74' lang='grc' dir='ltr'><em>οὐδέν</em></span> <span class='ocrx_word' id='word_1_275' title='bbox 233 3141 320 3205; x_wconf 79' lang='grc' dir='ltr'><em>ἔστιν.</em></span> <span class='ocrx_word' id='word_1_276' title='bbox 350 3135 428 3204; x_wconf 68' lang='grc' dir='ltr'><em>οὕτω</em></span> <span class='ocrx_word' id='word_1_277' title='bbox 450 3164 482 3202; x_wconf 92' lang='grc' dir='ltr'><em>το</em></span> <span class='ocrx_word' id='word_1_278' title='bbox 473 3134 596 3243; x_wconf 81' lang='grc' dir='ltr'><em>δρολμα</em></span> <span class='ocrx_word' id='word_1_279' title='bbox 616 3138 686 3205; x_wconf 73' lang='grc' dir='ltr'><em>ὅλον</em></span> <span class='ocrx_word' id='word_1_280' title='bbox 706 3141 922 3222; x_wconf 75' lang='grc' dir='ltr'><em>ἐσχημάτισται.</em></span> <span class='ocrx_word' id='word_1_281' title='bbox 951 3140 1043 3204; x_wconf 78' lang='grc' dir='ltr'><em>καλ”</em></span> <span class='ocrx_word' id='word_1_282' title='bbox 1022 3168 1084 3221; x_wconf 90' lang='grc' dir='ltr'><em>αμα</em></span> 
     </span>
     <span class='ocr_line' id='line_1_35' title="bbox 124 3219 1083 3331; baseline 0.003 -45"><span class='ocrx_word' id='word_1_283' title='bbox 124 3224 295 3289; x_wconf 67' lang='grc' dir='ltr'><em>διδοίσκει’</em></span> <span class='ocrx_word' id='word_1_284' title='bbox 276 3228 353 3307; x_wconf 81' lang='grc' dir='ltr'><em>ημᾶς</em></span> <span class='ocrx_word' id='word_1_285' title='bbox 373 3221 576 3327; x_wconf 79' lang='grc' dir='ltr'><em>Εὐριπίδης’</em></span> <span class='ocrx_word' id='word_1_286' title='bbox 560 3251 605 3289; x_wconf 90' lang='grc' dir='ltr'><em>οτι</em></span> <span class='ocrx_word' id='word_1_287' title='bbox 624 3219 677 3288; x_wconf 88' lang='grc' dir='ltr'><em>τὸν</em></span> <span class='ocrx_word' id='word_1_288' title='bbox 696 3228 908 3331; x_wconf 82' lang='grc' dir='ltr'><em>σχηματίζοντα</em></span> <span class='ocrx_word' id='word_1_289' title='bbox 936 3224 1083 3330; x_wconf 79' lang='grc' dir='ltr'><em>έγγυτοὶτφ</em></span> 
     </span>
     <span class='ocr_line' id='line_1_36' title="bbox 124 3302 1083 3394; baseline 0 -22"><span class='ocrx_word' id='word_1_290' title='bbox 124 3313 171 3372; x_wconf 88' lang='grc' dir='ltr'><em>δεῖ</em></span> <span class='ocrx_word' id='word_1_291' title='bbox 182 3307 260 3374; x_wconf 81' lang='grc' dir='ltr'><em>εἶναι</em></span> <span class='ocrx_word' id='word_1_292' title='bbox 274 3333 326 3374; x_wconf 86' lang='grc' dir='ltr'><em>του</em></span> <span class='ocrx_word' id='word_1_293' title='bbox 313 3312 427 3373; x_wconf 81' lang='grc' dir='ltr'><em>λῦσαι</em></span> <span class='ocrx_word' id='word_1_294' title='bbox 443 3302 476 3373; x_wconf 87' lang='grc' dir='ltr'><em>τδ</em></span> <span class='ocrx_word' id='word_1_295' title='bbox 490 3313 588 3391; x_wconf 78' lang='grc' dir='ltr'><em>σχῆμα</em></span> <span class='ocrx_word' id='word_1_296' title='bbox 608 3302 682 3392; x_wconf 75' lang='grc' dir='ltr'><em>μεταλ</em></span> <span class='ocrx_word' id='word_1_297' title='bbox 696 3314 749 3390; x_wconf 79' lang='grc' dir='ltr'><em>τῆς</em></span> <span class='ocrx_word' id='word_1_298' title='bbox 763 3305 924 3390; x_wconf 82' lang='grc' dir='ltr'><em>ἆσφαλείας</em></span> <span class='ocrx_word' id='word_1_299' title='bbox 946 3313 1000 3373; x_wconf 80' lang='grc' dir='ltr'><em>τοῦ</em></span> <span class='ocrx_word' id='word_1_300' title='bbox 1012 3313 1083 3394; x_wconf 81' lang='grc' dir='ltr'><em>σχή-</em></span> 
     </span>
    </p>
   </div>
   <div class='ocr_carea' id='block_1_5' title="bbox 173 3495 1084 3638">
    <p class='ocr_par' dir='ltr' id='par_1_6' title="bbox 173 3495 1084 3638">
     <span class='ocr_line' id='line_1_37' title="bbox 191 3495 1084 3567; baseline 0.005 -20.068"><span class='ocrx_word' id='word_1_301' title='bbox 191 3495 215 3560; x_wconf 75' lang='lat'><em>⁸)</em></span> <span class='ocrx_word' id='word_1_302' title='bbox 233 3499 274 3548; x_wconf 84' lang='lat' dir='ltr'><em>Ex</em></span> <span class='ocrx_word' id='word_1_303' title='bbox 287 3498 330 3549; x_wconf 85' lang='lat' dir='ltr'><em>hie</em></span> <span class='ocrx_word' id='word_1_304' title='bbox 342 3499 436 3551; x_wconf 85' lang='lat' dir='ltr'>verbis</span> <span class='ocrx_word' id='word_1_305' title='bbox 455 3500 582 3552; x_wconf 80' lang='lat' dir='ltr'>conicere</span> <span class='ocrx_word' id='word_1_306' title='bbox 598 3501 688 3567; x_wconf 78' lang='lat' dir='ltr'><em>poesis</em></span> <span class='ocrx_word' id='word_1_307' title='bbox 700 3499 781 3552; x_wconf 74' lang='lat' dir='ltr'>huius</span> <span class='ocrx_word' id='word_1_308' title='bbox 794 3500 907 3553; x_wconf 84' lang='lat' dir='ltr'>fabulae</span> <span class='ocrx_word' id='word_1_309' title='bbox 920 3518 982 3554; x_wconf 78' lang='lat' dir='ltr'><em>esse</em></span> <span class='ocrx_word' id='word_1_310' title='bbox 995 3502 1028 3553; x_wconf 87' lang='lat' dir='ltr'><em>fr.</em></span> <span class='ocrx_word' id='word_1_311' title='bbox 1042 3503 1084 3552; x_wconf 82' lang='lat'><em>14.</em></span> 
     </span>
     <span class='ocr_line' id='line_1_38' title="bbox 173 3578 889 3638; baseline 0.008 -21"><span class='ocrx_word' id='word_1_312' title='bbox 173 3578 255 3619; x_wconf 77' lang='lat' dir='ltr'><strong>Evm.</strong></span> <span class='ocrx_word' id='word_1_313' title='bbox 268 3588 322 3623; x_wconf 76' lang='lat' dir='ltr'><strong>von.</strong></span> <span class='ocrx_word' id='word_1_314' title='bbox 335 3591 366 3627; x_wconf 71' lang='lat' dir='ltr'><em>,m</em></span> <span class='ocrx_word' id='word_1_315' title='bbox 870 3589 889 3638; x_wconf 48' lang='grc' dir='ltr'>ἢ</span> 
     </span>
    </p>
   </div>
   <div class='ocr_carea' id='block_1_6' title="bbox 0 0 1212 3862">
    <p class='ocr_par' dir='ltr' id='par_1_7' title="bbox 0 0 1212 3862">
     <span class='ocr_line' id='line_1_39' title="bbox 0 0 1212 3862; baseline 0 0"><span class='ocrx_word' id='word_1_316' title='bbox 0 0 1212 3862; x_wconf 95' lang='lat' dir='ltr'><em> </em></span> 
     </span>
    </p>
   </div>
  </div>
 </body>
</html>
