2408 3862
471 183 701 236 nnnnnnmn
1020 179 1081 245 135

120 388 159 400 -
176 349 255 412 ἐρίν’.
286 374 325 413 vs.
341 355 361 412 4
377 350 471 428 φῦσαι
486 355 623 413 Matthiae.
654 373 694 411 vs.
712 353 729 412 5
745 342 894 428 μάχεσθαι
913 351 1080 428 Conington,

118 441 255 513 νλείσθαι
271 440 313 498 vel
328 439 463 496 πλεῖσθαι
478 438 550 496 libri.

570 584 634 650 495

220 691 355 782 ἀνδρῶν
374 692 411 761 δὲ
427 694 543 762 πολλοὶ
560 695 619 761 τού
637 691 777 778 γέλωτος
795 695 907 761 ε’ίνεκα

176 865 180 870 ,
221 792 360 864 ἀσκοῦσι
377 790 510 882 χάριτας
528 788 720 880 κερτόμους·
740 791 803 879 ἐγὼ
824 793 864 860 δέ
877 817 947 872 ποις

221 899 305 983 μισῶ
323 901 484 981 γελοίους,
503 898 622 973 οἵτινες
639 889 728 979 τήτει
746 895 862 980 σοφοῖν

222 992 346 1082 ἀχάλιν’
368 999 480 1082 ἔχουσι
498 989 652 1082 στόματα,
670 998 739 1074 κείς
756 988 892 1080 ἀνδρῶν
909 991 970 1080 μὲν
988 989 1029 1061 οὐ

221 1099 374 1164 τελοῦσιν
391 1091 547 1183 ἀριθμόν,
567 1097 603 1164 ἐν
619 1095 737 1182 γέλωτι
755 1091 785 1163 δ’
805 1091 979 1182 εὐπρεπεῖς
1037 1111 1054 1161 ο

222 1197 372 1265 οἰκοῦσιν
389 1204 502 1275 οἴκους
520 1196 575 1264 καὶ
592 1192 632 1265 τά
650 1190 920 1282 ναυστολούμενα

222 1302 287 1366 ἔσω
307 1295 418 1385 δόμων
436 1293 576 1389 σφ’ζουσι

184 1414 245 1469 nth.
262 1413 316 1468 xlv
337 1431 363 1486 p
380 1413 488 1471 613n:
509 1431 561 1468 και
552 1398 743 1489 Ευριπιδης
764 1398 791 1466 δ
815 1405 846 1469 ἐν
866 1413 903 1490 τῇ
924 1401 1080 1486 δεσμοίτιδι

122 1498 174 1555 Με
177 1491 344 1591 αλνίπτιφ’
327 1515 386 1569 εφη
413 1486 612 1595 *ἀνδρών-
631 1491 786 1574 σῴζουσι’.
821 1497 856 1554 ολ.
877 1498 953 1554 nust.
975 1497 1023 1553 Od.
1051 1515 1080 1570 p.

123 1582 220 1677 1837,
242 1581 275 1637 1:
302 1567 429 1648 όκοιλδς
450 1572 632 1675 Εὐριπίδης
644 1553 676 1638 ίν
700 1578 743 1660 τῷ
769 1577 817 1636 *οἳ
836 1575 960 1657 γέλωτος
980 1575 1082 1636 εἵνεκα

121 1653 245 1722 ἀσκοῦσι
271 1654 391 1738 χάριτας
415 1656 576 1739 κερτόμους
601 1650 756 1740 εὐπρεπεῖς
779 1653 863 1734 ὅντες
886 1657 919 1719 ἐν
946 1659 1081 1741 γέλωτιῆ

121 1768 160 1806 vs
179 1750 195 1806 1
220 1744 323 1805 εινεκα
338 1749 431 1820 λίπει,
453 1741 642 1847 ρύνεκαΑιΙι.
673 1767 712 1806 vs.
730 1750 748 1806 3
769 1739 898 1840 τητειλι
916 1748 1081 1820 δίοδουλίιιε,

121 1827 202 1888 ί
169 1849 196 1888 ει
217 1850 245 1887 τι
267 1834 316 1888 AB
353 1851 392 1889 vs.
409 1832 429 1889 4
449 1822 545 1889 αστων
560 1833 714 1890 Meinekins.
743 1850 780 1889 vs.
797 1832 816 1890 5
837 1817 986 1908 εὐτρεπεῖς
1006 1831 1083 1889 malit

120 1916 278 1974 nleinekius.

572 1994 635 2059 496

225 2081 380 2172 ἀλγιστόν
399 2088 467 2155 ἐστι
484 2091 575 2172 θῆλυ
592 2085 735 2172 μισηθὲν
751 2086 860 2173 γένος·

224 2191 261 2254 αί
276 2184 339 2274 φάρ
357 2195 534 2274 σφαλελσαι
551 2201 660 2255 ταῖσιν
677 2183 739 2254 οὐκ
758 2185 977 2275 ἐσφαλμένοις

223 2285 335 2374 αἶσχος
353 2288 483 2374 γυναιξὶ
502 2287 557 2355 καὶ
575 2292 790 2356 κεκοίνωνται
808 2283 914 2373 ψόγον

221 2403 292 2468 ταῖς
309 2383 350 2456 οὐ
368 2403 523 2456 κακαῖσιν
540 2391 578 2456 αί
593 2392 707 2456 κακαί·
725 2378 765 2455 τά
784 2383 811 2456 δ
832 2392 879 2467 είς
895 2381 1021 2474 νόμους

223 2482 325 2557 οὐδὲν
344 2491 500 2558 δοκούσιν
516 2482 606 2576 ὐγιδς
624 2484 787 2577 ἀνδράσιν
803 2500 954 2577 φρονεῖν.
1064 2506 1081 2556 5

186 2603 262 2660 Stnb.
277 2603 351 2661 Flnr.
368 2605 422 2678 69,
444 2605 498 2662 19;
516 2594 684 2680 Εὐριπίδου
698 2600 891 2675 Μελανίππη.
922 2589 1082 2677 ζἀλγιστόν

120 2717 161 2731 -
180 2687 331 2764 φρονεῖν’.
362 2689 452 2745 locum
467 2690 522 2746 huc
536 2690 706 2746 referendum
723 2707 783 2748 esse
798 2689 878 2747 docet
892 2687 928 2745 fr.
943 2687 1016 2746 497.

223 2944 281 3028 τῆς
298 2942 359 3029 μὲν
376 2944 478 3028 κακῆς
495 2940 612 3012 κάκιον
629 2940 732 3012 οὐδὲν
749 2947 896 3031 γίγνεται

222 3040 390 3128 γυναικός,
410 3046 531 3130 ἐσθλῆς
551 3040 580 3111 δ’
602 3039 704 3113 οὐδὲν
724 3050 770 3122 είς
787 3041 979 3130 ὑπερβολὴν

221 3141 340 3231 πέφυκ’
361 3140 512 3231 ἀμεινου·
532 3144 729 3234 διαφέρουσι
748 3137 778 3212 δ’
797 3147 836 3210 αί
849 3139 977 3229 φύσεις.

184 3257 261 3315 stob.
277 3258 349 3316 nor.
373 3260 426 3331 69,
450 3260 503 3317 11:
524 3248 691 3332 Εὐριπίδου
714 3255 907 3332 Μελανίππη
937 3253 1006 3328 τῆς
1025 3250 1081 3331 μὲν

122 3372 161 3383 -
177 3334 308 3414 φόσεις’.
337 3344 526 3418 Porphynus
520 3362 547 3401 1n
563 3343 658 3399 Enseh.
676 3344 717 3400 Pr.
734 3344 763 3400 E.
780 3362 806 3417 p
823 3341 935 3401 466n:
950 3332 1078 3455 Εὐριπί

121 3419 174 3499 δης
195 3419 279 3482 δὲέν
263 3424 535 3525 νΜελοινίππῃ
498 3446 535 3506 ιφ
555 3421 740 3526 δεσμύτιδι
748 3423 799 3505 τῆς
821 3420 931 3502 μὲν-
889 3417 1080 3500 -φύσειςζ

121 3526 159 3565 νε.
177 3511 193 3566 1
211 3495 298 3568 οὐδὲν
313 3499 367 3568 ἔστ’
384 3485 471 3568 ίδεῐν
474 3513 639 3586 scripserim.
