2408 3862
417 204 787 260 οιονιειιιιιιοιιεσιι.
1018 198 1082 265 255

121 376 264 448 vitiosum,
284 367 360 432 ὅπου
382 377 467 432 suasit
488 375 652 446 Meinekius,
672 392 705 431 an
721 364 779 452 ὅτῳ
799 375 876 449 lep?
904 391 942 430 vs.
959 374 978 432 9
999 369 1080 446 μελέ-

121 456 200 535 δημα
214 460 325 534 scripsi,
340 452 485 532 μελέτημα
500 460 561 516 cod.

220 711 358 801 χρύσεαι
377 709 419 796 δή
436 740 492 798 μοι
510 714 668 798 πτέρυγες
688 713 764 796 περὶ
783 708 878 803 νότῳ

159 852 161 856 ·
220 815 276 881 καὶ
293 811 333 881 τό
352 810 529 901 Σειρήνων
546 809 727 898 πτερόεντα
745 810 850 880 πέδιλ’
870 808 1055 899 ἁρμόζεται,

222 911 368 1000 βόσομαί
354 911 460 982 ίίτ’
430 941 444 981 ε
447 919 477 991 ς
495 915 616 998 αίθέρα
633 910 740 981 πολὺν
758 908 895 998 ιἰερθεὶς

221 1016 304 1100 Ζηνί
323 1016 517 1101 προσμίξων

185 1129 307 1204 Clemens
327 1147 401 1203 Alex.
424 1148 478 1203 Str.
501 1146 533 1200 lV
557 1163 584 1218 p.
608 1145 683 1204 642:
712 1133 729 1202 6
754 1140 809 1261 μὲν
834 1133 890 1203 οὖν
914 1134 1081 1240 Εὐριπίδης

120 1220 258 1305 χρόσεαι
281 1219 318 1304 δή
338 1247 388 1305 μοι
410 1223 550 1303 πτέρυγες
570 1223 637 1300 περὶ
660 1221 766 1309 νώτῳ’
793 1226 902 1302 φησί’
910 1223 961 1285 καί
981 1219 1016 1285 τό
1042 1262 1080 1271 -

120 1310 315 1388 προσμίξων.
353 1333 391 1370 vs.
415 1314 568 1388 lrespieit
591 1313 662 1369 Plut.
684 1314 752 1371 Mor.
773 1333 801 1388 p
824 1315 934 1373 7866:
960 1303 996 1369 06
1017 1316 1081 1382 ταῖς

120 1389 287 1472 Εαλριπίδου
300 1399 429 1494 χρυσαῖς
448 1391 603 1469 πτέρυξιν,
622 1384 698 1453 ἄλλό
712 1399 774 1466 τοῖς
789 1395 995 1466 Πλατωνικοις
1010 1392 1081 1454 ἐτεί-

121 1501 183 1549 νοις
203 1477 254 1538 καί
275 1471 427 1555 οὐρανίοις
446 1481 577 1576 πτεροῖς.
608 1499 647 1538 vs
670 1483 688 1538 2
709 1471 866 1579 ἁρμόζεται
888 1483 948 1540 vide
968 1499 1001 1539 an
1021 1482 1079 1540 Cle·

121 1569 205 1623 menti
220 1567 359 1624 debeatur.
390 1584 427 1622 vs
444 1561 535 1625 3αἰθ
535 1555 616 1640 έρ”
595 1582 719 1635 απειρον
733 1554 852 1644 ἀερθείς
868 1567 1081 1639 Ηοιωεοεῑλιιυε,

120 1645 256 1726 αἰθέριον
271 1640 366 1706 πόλον
380 1637 486 1724 ἀρθείς
503 1651 551 1706 Th.
569 1650 755 1725 Gomperzius.

223 1923 275 1989 σοὶ
293 1923 338 2011 τῷ
356 1919 490 1991 πάντων
507 1922 659 2008 μεδέοντι
676 1916 758 2007 χοὴν

224 1989 369 2088 πέλανον
386 2046 422 2087 τε
438 2023 541 2105 φέρω,
561 2019 645 2099 Ζεὺς
664 2017 719 2087 εἴτ’
734 2016 847 2106 Ἀίδης

223 2117 460 2207 ὀνομαζόμενος
476 2122 638 2207 στέργεις·
659 2118 701 2188 σύ
721 2120 761 2186 δέ
774 2147 829 2205 μοι

223 2229 351 2289 θυσίαν
368 2217 498 2308 ἄπυρον
515 2215 741 2306 πανκαρπείας

226 2323 316 2402 δέξαι
332 2319 442 2407 πλήρη
460 2330 698 2407 προχυθεισαν.
1013 2339 1030 2388 5
1147 2411 1150 2415 ,

226 2419 269 2489 σύ
287 2420 351 2508 γὰρ
370 2428 407 2490 έν
424 2447 459 2490 τε
477 2432 569 2500 θεοῖς
586 2437 655 2500 τοῖς
672 2417 866 2507 οὐρανίδαις

225 2525 393 2608 σκηπτρον
411 2520 447 2590 τό
465 2517 548 2600 Διός
565 2528 799 2609 μεταχειρίζων
942 2522 945 2528 ’

225 2628 374 2709 χθονίων
391 2619 422 2691 θ’
436 2617 533 2710 Ἅιδη
551 2623 697 2710 μετέχεις
714 2618 826 2710 ἀρχῆς.

226 2724 357 2809 πέμψον
375 2718 403 2790 6'
424 2725 456 2802 ές
473 2725 545 2809 φῶς
564 2721 671 2811 ψυχὰς
690 2720 813 2809 ένέρων

224 2839 293 2902 τοῖς
311 2825 524 2910 βουλομένοις
541 2818 666 2904 ἄθλους
684 2834 872 2911 προμαθεῖν
900 2826 903 2834 ’
1001 2843 1033 2894 10

225 2921 333 2992 πόθεν
351 2930 521 3010 ἔβλαστον,
539 2931 588 3004 τίς
606 2929 677 3012 ῥίζα
694 2929 818 3009 κακῶν,

225 3031 301 3093 τίνα
320 3028 374 3093 δεῖ
388 3022 546 3146 μακάρων
565 3027 813 3112 έιιθυσαμένους
879 3035 881 3039 ’

228 3120 341 3207 εὑρεῖν
357 3123 495 3214 μόχθων
512 3120 719 3221 ἀνάπαυλαν.

189 3256 311 3314 Clemens
326 3258 399 3315 Alex.
416 3258 516 3315 Strom.
533 3259 593 3352 Vp
611 3259 686 3317 688:
706 3249 788 3313 πάνυ
803 3253 982 3331 θαυμαστῶς
1003 3247 1082 3312 666

125 3339 178 3412 τῆς
191 3339 303 3437 σκηνῆς
319 3337 488 3435 φιλόσοφος
493 3332 669 3422 Εὐριπίδης
689 3343 751 3409 τοῖς
766 3336 991 3436 προειρημένοις
1010 3327 1083 3437 ἧμιν

127 3416 258 3521 συνωδὸς
279 3413 328 3479 διὰ
348 3416 459 3482 τούτων
474 3421 656 3499 ευρίσιιεται,
679 3420 789 3503 πατέρα
803 3444 855 3483 ιιαι
845 3413 971 3482 νίόν”
951 3444 1013 3501 αμα
1028 3415 1083 3482 οὐκ

125 3494 223 3564 οἷδ’”
203 3525 285 3577 οπως
299 3502 533 3584 αἰνισσόμενος(
541 3503 587 3565 σοί
602 3509 700 3588 693—-
658 3505 876 3585 -προχντίαν
882 3509 991 3585 [vs]
978 3508 1080 3583 1-5).
