2408 3862
542 204 666 256 AANAH

221 373 266 456 ὦς
283 392 350 458 τοῖς
369 374 485 446 ἅπαισι
502 379 558 446 καὶ
576 374 673 468 πόθῳ
691 377 906 464 δεδηγμένοις

220 482 352 548 παίδων
369 481 519 564 νεογνῶν
537 480 573 546 ἐν
592 475 704 566 δόμοις
723 483 810 547 ἰδεῖν
827 476 920 565 φάος.

182 595 257 651 stob.
274 595 345 650 λλον.
363 595 414 665 75,
430 594 458 651 4.
488 612 526 651 vs.
543 595 562 652 3
577 583 724 666 ποτάμιόν
738 581 772 649 θ’
791 585 871 665 ὕδωρ
887 595 1004 650 coniecit
1018 593 1082 650 Mei·

119 679 225 750 nekius,
240 669 383 734 πλούσιον
399 670 493 746 θάλος
509 678 749 747 Schneidewinus;
765 678 922 753 suspicabar
936 679 990 734 huo
1005 694 1081 751 spec-

119 772 177 819 tare
192 763 366 837 Hesychium:
388 754 547 817 πλούσιον·
569 756 805 831 θαλασσιοειδές.
835 757 866 817 οἱ
887 753 919 817 δὲ
938 751 972 817 τὸ
990 751 1079 834 ὕδωρ.

119 865 157 902 vs.
173 847 193 901 4
214 834 351 901 ἅλλοντ’
376 848 531 904 Meinekius.
562 865 601 902 vs.
620 848 637 903 7
654 833 777 921 νεογνὸν
792 877 831 887 -
847 840 923 901 ἰδεῖν
943 834 1036 914 θάλος
1050 845 1080 903 F.

120 931 150 986 G.
167 930 341 988 Schmidtius.

569 1025 633 1088 319

221 1133 276 1201 καὶ
294 1135 359 1201 νῦν
377 1133 530 1220 παραινω”
546 1134 627 1200 πᾶσι
643 1148 711 1213 τοῖς
728 1133 901 1220 νεωτέροις

221 1233 266 1322 μὴ
285 1229 367 1321 πρὸς
384 1232 420 1301 τὸ
438 1238 542 1320 γῆρας
560 1229 727 1320 ἀναβολὰς
745 1235 955 1321 ποιουμένοις

223 1340 324 1422 σχολῇ
343 1336 545 1403 τεκνοῦσθαι
562 1339 698 1414 παῖδας·
717 1329 838 1421 οὐγὰρ
856 1327 973 1420 ἡδονή,

222 1441 359 1521 γυναικί
374 1429 404 1503 τ’
426 1432 548 1521 ἐχθρὸν
564 1437 672 1522 χρῆμα
690 1431 878 1525 πρεσβύτης
896 1429 997 1523 ἆνήρ·

222 1530 294 1604 ἀλλ’
317 1529 361 1616 ὦς
380 1532 525 1622 τάχιστα.
551 1533 688 1623 καὶγὰρ
708 1537 863 1624 ἐκτροφαλ
881 1537 980 1604 καλαὶ
1016 1553 1033 1602 ο

222 1638 277 1705 καὶ
296 1632 486 1718 συννεοὶζων
503 1633 568 1724 ἡδὺ
586 1654 664 1716 παῖς
681 1640 746 1728 νέω
765 1644 874 1724 πατρί.

183 1752 259 1809 stoli.
276 1753 348 1809 λλον.
366 1755 422 1823 71,
439 1754 466 1809 7.
496 1771 534 1808 vs.
551 1754 568 1808 2
584 1740 734 1826 ἆναβολᾶς
749 1754 861 1826 scripsi,
882 1739 951 1820 τους
970 1745 1083 1826 γάμους

120 1838 192 1894 libri.
223 1854 261 1892 vs.
282 1836 301 1891 4
323 1837 454 1892 delendus
474 1837 595 1909 videtur,
621 1845 696 1894 certe
719 1831 772 1916 νέα
797 1832 921 1912 γυναικί
942 1837 1083 1894 dicendum

120 1929 190 1993 erat,
207 1921 277 1977 sicut
293 1921 325 1977 ir.
341 1921 411 1979 804.

221 2119 308 2209 γυνὴ
325 2119 388 2209 γὰρ
407 2125 590 2204 ἐξελθοῦσα
607 2119 771 2214 πατρῴων
790 2119 902 2211 δόμων

222 2220 261 2292 οὐ
279 2227 348 2290 τῶν
365 2222 529 2292 τεκόντων
547 2225 648 2310 ἐστίν,
667 2218 751 2291 ἀλλὰ
768 2226 828 2291 τοῦ
846 2223 976 2311 λέχους·

220 2320 257 2392 τὸ
277 2321 308 2392 δ’
330 2320 432 2410 ἄρσεν
450 2319 560 2411 ἕστηκ’
581 2327 617 2392 ἐν
636 2320 748 2410 δόμοις
765 2316 818 2392 visi
835 2324 931 2410 γένος

222 2427 314 2493 θεῶν
336 2423 500 2517 πατρῴων
517 2426 572 2493 καὶ
586 2421 702 2511 τάφων
715 2421 881 2513 τιμάορον.

185 2539 261 2597 stoi.
278 2539 351 2596 λλον.
369 2542 465 2613 77,1.
496 2559 535 2598 ιε.
555 2541 615 2597 let
631 2541 648 2595 2
665 2541 746 2597 habet
775 2540 852 2597 Stob.
867 2540 939 2596 Flor.
957 2539 1007 2612 73,
1025 2539 1071 2595 11.

451 2747 459 2757 .
573 2685 635 2749 321

223 2799 446 2881 συμμαρτυρῶ
465 2812 533 2862 σοι·
553 2797 724 2882 πανταχοῦ
742 2800 945 2882 λελείμμεθα

223 2896 327 2962 πᾶσαι
343 2911 501 2981 γυναῖκες
519 2889 672 2984 ἀρσένων
690 2889 741 2964 ἀεὶ
762 2899 846 2983 δίχα.

185 3007 262 3066 stoli.
279 3011 352 3067 λλον.
369 3011 420 3083 73,
436 3011 486 3068 22.

573 3105 636 3170 322

224 3207 288 3281 ουκ
307 3220 396 3283 ἔστιν
413 3211 490 3281 οὕτε
506 3227 613 3300 τεῖχος
631 3211 707 3281 οὔτε
724 3207 873 3299 χρήματα

223 3309 293 3382 οὔτ’
314 3310 394 3382 ἄλλο
413 3311 649 3400 δυσφύλακτον
666 3307 767 3381 οὐδὲν
786 3309 829 3390 ὡς
846 3307 942 3398 γυνή.

185 3427 260 3486 Stoh.
277 3429 350 3486 Flor.
371 3429 427 3502 74,
444 3430 493 3487 13.
524 3430 595 3486 idem
616 3429 693 3485 locus
714 3445 776 3485 cum
796 3427 921 3484 lemmate
940 3414 1086 3495 Ἀλέξιδος

123 3511 207 3584 (Com.
225 3514 243 3571 3
258 3531 285 3587 p.
303 3511 374 3589 521)
390 3514 493 3588 legitur
510 3514 560 3586 73,
575 3512 627 3571 42.
