2408 3862
520 206 674 260 ΘΗΣΕΤΣ

571 372 633 436 383

221 478 404 570 σύμμικτον
422 479 510 561 εἶδος
528 475 743 566 κάποφάλιον
760 478 879 567 τρέφος

182 599 252 655 Plut.
269 599 299 655 V.
315 598 452 654 Theseia.
469 595 522 653 15:
543 585 658 664 τοὺςδὲ
677 591 785 662 παῖδας
806 590 846 664 εἰς
862 584 983 687 Κρητην
997 608 1079 666 κομι

119 669 286 757 ζομένονς
272 698 288 736 ο
303 675 357 754 μὲν
372 669 585 754 τραγικώτατος
603 674 703 753 μῦθος
720 666 882 774 άποφαίνει
902 665 954 732 τόν
970 671 1078 733 Μινού-

119 781 230 862 ταυρον
245 759 278 821 ἐν
292 762 334 844 τῷ
339 760 464 862 Αλαβυρί
464 765 530 840 νθφ
542 749 779 858 διαφθείρεινἋ
757 783 777 834 η
797 747 1062 856 πλανομίνονς’
1025 779 1078 816 αυ-

119 838 189 944 τρδς
203 845 254 905 καὶ
269 865 368 921 τυχειν
388 818 519 916 ἐξόδου
494 867 551 943 μη
542 835 677 942 δυναμέ
678 863 748 915 νους
768 840 833 902 ἐκεῖ
847 834 1079 941 καταθνήσκειν,

120 923 173 991 τόν
193 927 225 990 δὲ
246 922 462 1008 Μινώταυρον,
487 919 584 1004 ὥσπερ
600 919 766 1025 Εὐριπίδης
786 927 874 1024 φησί,
898 920 1080 1002 *σύμμικτον

119 1049 162 1061 -
182 1011 237 1092 βρέ
237 1017 311 1087 φος’
331 1012 483 1090 γεγονέναι
509 1010 595 1072 καί·
602 1008 776 1087 ταύρου-
796 1004 904 1086 φύσει’
930 1013 975 1086 (fr.
997 1010 1079 1108 384).

120 1102 191 1160 Plut
215 1102 282 1157 Mor.
302 1118 329 1174 p
346 1101 456 1158 5200.
477 1095 528 1155 καὶ
549 1094 756 1215 ζγτοῦντες”
724 1116 750 1155 ει
765 1118 794 1155 τι
813 1092 967 1174 γεγένηται
989 1087 1079 1169 εσύμ-

120 1202 225 1261 μικτον
239 1175 316 1250 ελδος
331 1171 525 1255 κάποφώλιον
541 1178 651 1257 κέρας’.

223 1419 349 1508 ταύρου
365 1433 526 1508 μεμῖχθαι
544 1329 739 1508 558500505
757 1423 856 1509 διπλῇ
873 1417 984 1506 φύσει·

185 1537 257 1594 Plut.
271 1537 301 1592 V.
317 1537 413 1592 Thesei
429 1554 451 1593 c.
470 1536 519 1609 15,
534 1538 594 1593 vide
608 1537 642 1593 fr.
659 1537 730 1595 383.

226 1771 289 1860 ἐγώ
306 1775 439 1860 πέφυκα
456 1771 657 1861 γραμμάτων
674 1774 736 1861 μέν
753 1771 814 1841 οὐκ
832 1778 929 1859 ίδρις,

225 1872 353 1960 μορφάς
372 1873 408 1941 55
426 1874 508 1954 λέξω
525 1874 581 1941 καὶ
600 1877 691 1961 σαφῆ
707 1871 873 1962 τεκμήρια.

225 1970 348 2052 κύκλος
365 2002 412 2054 τις
430 1972 473 2052 ὥς
491 1972 657 2061 τόρνοισιν
676 1972 946 2061 ἐκμετρούμενος,

226 2063 321 2153 οὗτος
340 2069 368 2141 δ
387 2080 454 2161 ἔχει
471 2091 609 2162 σημεῖον
627 2078 664 2144 ἕν
680 2076 771 2167 μίσφ
789 2077 907 2161 σαφές·

225 2171 261 2243 τό
280 2173 438 2262 δεύτερον
457 2175 494 2243 δὲ
511 2179 626 2259 πρῶτοι
642 2175 705 2263 μὲν
721 2177 869 2263 γραμμαὶ
892 2171 964 2260 δύο,
1066 2191 1084 2244 5

225 2272 345 2354 ταύτας
365 2279 502 2361 διείργει
520 2272 550 2344 δ’
571 2279 607 2344 ἐν
624 2276 737 2362 μέσαις
755 2273 838 2361 άλλη
855 2281 930 2361 μία·

225 2383 337 2464 τρίτον
356 2376 394 2444 55
411 2373 591 2464 βόστρυχός
608 2405 657 2455 τις
676 2371 719 2455 δός
738 2376 935 2463 είλιγμένος·

226 2474 262 2545 τδ
281 2472 310 2546 δ’
329 2467 373 2545 αὖ
390 2481 546 2565 τέταρτον
563 2472 585 2565 ἢ
602 2477 663 2564 μέν
682 2483 729 2556 είς
746 2473 852 2566 ὀρθὸν
869 2483 939 2563 μία,

226 2580 318 2658 λοξαὶ
337 2574 364 2645 δ
386 2573 433 2646 ἐπ’
454 2574 555 2664 αὐτῆς
572 2595 660 2666 τρεῖς
679 2579 971 2667 κατεστηριγμέναι

227 2683 328 2747 είσίν·
346 2676 382 2747 τὸ
396 2679 544 2764 πέμπτον
561 2677 590 2748 5'
606 2675 668 2748 οὐκ
687 2683 724 2749 ἐν
737 2675 875 2768 εὐμαρεῖ
890 2675 1030 2767 φράσαι·
1052 2696 1084 2748 10

225 2779 373 2866 γραμμαὶ
391 2776 453 2867 γάρ
472 2785 557 2848 εἰσιν
575 2783 611 2848 ἐκ
630 2778 816 2850 διεστώτων
835 2776 909 2865 δύο,

227 2869 324 2947 αὗται
343 2882 379 2948 55
397 2880 635 2968 συντρέχουσιν
654 2888 700 2960 είς
718 2888 798 2969 μίαν
815 2878 928 2968 βάσιν·

227 2979 262 3049 τὸ
281 2987 431 3049 λοίσθιον
450 2980 487 3049 δὲ
505 2983 551 3070 τςό
568 2992 667 3074 τριτφ
685 2983 920 3072 προσεμφερές.

188 3098 251 3154 Ath.
271 3096 340 3171 xp.
355 3095 465 3155 4545.
486 3087 653 3171 Εὐριπίδης
672 3086 756 3155 δὲ
723 3116 778 3168 την
800 3093 831 3152 ἐν
850 3113 891 3173 τφ
917 3087 1060 3195 Θησεῖ
1028 3113 1084 3167 την

125 3172 368 3278 ἐγγράμματον’1
351 3197 428 3236 εοικε
447 3179 569 3252 ποιῆσαι
593 3178 690 3275 95⁶5:
719 3169 891 3255 βοτὴρδέ
890 3172 954 3234 στὶν
974 3165 1085 3254 ιἰγράμ-

125 3284 216 3339 ματος
230 3255 339 3322 αὐτόθι
361 3261 457 3338 δηλῶν
470 3255 613 3379 τοόνομαι
633 3282 685 3321 του
673 3259 822 3359 Θησέως
836 3257 1084 3359 ἐπιγεγραμμένον

126 3341 219 3418 οὕτως
240 3339 371 3425 ’έγώ-
389 3344 615 3445 προσεμφερέςὶ
645 3368 684 3406 vs.
706 3329 778 3408 355
798 3339 994 3422 μετρούμενος
1019 3348 1084 3404 Mei·

126 3437 233 3492 nekius.
267 3453 307 3492 vs.
330 3421 398 3492 6δ’
421 3427 453 3489 ἐν
473 3427 589 3510 μέσαις]
612 3426 769 3508 διαμέσους
789 3433 947 3491 Meinekius.
984 3450 1022 3490 vs.
1045 3432 1082 3489 11

126 3515 237 3575 εἰσι
196 3538 255 3575 των
270 3515 436 3575 διεστωσάν
451 3520 662 3576 Herwerdenus.

864 3617 905 3666 *μ
