2408 3862
118 217 176 258 r111
493 192 704 246 PRAEFATIO

117 372 141 424 si
155 369 199 424 cui
214 366 382 423 fastidiosius
397 367 487 439 egisse
502 365 608 437 videar,
629 364 652 420 is
667 365 820 423 meminerit
834 368 862 424 in
876 365 975 426 laceris
989 370 1077 443 perdi·

118 460 205 508 tarum
232 450 354 523 reliquiis
380 451 447 506 ocrti
473 450 620 524 quidquam
646 450 775 523 indagare
801 467 862 507 esse
890 451 1077 510 difficillimum

118 545 200 608 atque
232 532 426 591 insanabilibus
459 531 615 590 vulneribus
645 531 747 589 frustra
773 534 904 592 medelam
930 537 1076 595 admoveri.

118 619 228 676 eandem
248 618 284 674 ob
303 634 425 674 caussam
446 633 528 673 vanos
551 617 734 674 existimamus
756 634 850 675 eorum
876 629 1006 693 conatus,
1032 623 1078 694 qui

118 703 283 777 perditarum
297 702 450 758 fabularum
467 702 651 757 oeconomiam
666 718 682 757 c
696 701 819 774 reliquiis
835 702 949 760 fortuito
964 707 1077 761 serratis

117 787 269 844 instaurare
289 794 490 858 temptaverunt
509 802 540 842 ac
561 784 685 858 singulae
711 787 862 842 sententiae
885 789 940 844 sire
959 789 1041 844 certis
1062 804 1078 843 c

117 871 216 927 tabulis
231 873 286 927 sire
302 871 361 926 sine
375 869 482 927 tabutas
496 870 606 926 nomine
621 869 736 925 traditae
751 885 806 943 quo
822 870 850 926 in
864 886 935 927 nexu
950 873 1076 944 primitus

118 955 234 1027 inerint,
254 955 318 1012 sciri
338 970 421 1028 posse
442 960 583 1028 putarunt.
620 970 675 1026 quo
698 955 724 1009 in
745 970 847 1026 genere
868 953 1029 1011 confidentia
1050 965 1078 1012 ct

116 1037 225 1095 levitate
241 1056 335 1095 omnes
350 1039 488 1111 superavit
502 1039 521 1092 1.
538 1040 569 1092 A.
586 1037 762 1109 Hartungius‚
778 1038 854 1093 ouius
869 1038 976 1095 decreta
993 1055 1077 1111 quau·

118 1130 175 1178 tum
191 1140 205 1177 a
221 1125 384 1194 scriptorum
404 1121 567 1176 testimoniis
587 1120 725 1177 discedant
745 1137 777 1177 ex
797 1123 832 1178 iia
847 1137 917 1195 quac
935 1122 964 1177 ln
978 1122 1076 1178 Philol.

118 1205 170 1262 vol.
187 1207 206 1262 8
221 1224 249 1279 p.
266 1203 434 1262 oca-565
450 1203 564 1259 diximus
579 1203 657 1260 lacile
673 1204 785 1278 patebit.

181 1305 231 1360 Sed
253 1307 280 1361 in
301 1305 345 1360 his
366 1304 533 1378 perditarum
553 1305 754 1378 tragoediarum
781 1305 906 1380 reliquiis
932 1321 1011 1380 quam
1036 1307 1077 1362 in·

118 1397 192 1446 certa
214 1391 268 1444 siut
283 1390 372 1444 omnia
387 1396 414 1443 et
434 1389 542 1462 quantis
558 1389 684 1445 obvoluta
705 1387 842 1459 tenebris,
862 1397 894 1445 ut
912 1387 1079 1446 luculentius

118 1482 262 1545 appareat,
277 1472 439 1546 superstites
455 1481 510 1529 tres
525 1473 660 1546 Euripidis
675 1472 845 1547 tragoedias,
860 1471 1007 1545 Electram,
1023 1472 1075 1529 lle-

118 1556 248 1629 raclidas,
270 1556 428 1629 Herculem,
444 1555 577 1630 fingemus
593 1573 653 1612 esse
669 1554 746 1612 nobis
762 1565 884 1630 ereptas,
905 1564 933 1612 et
948 1556 1079 1630 reliquias

118 1656 210 1696 earum
225 1657 256 1695 ex
272 1642 430 1715 sequiorum
445 1640 609 1713 scriptorum
624 1639 701 1696 libris
716 1639 846 1698 collectas
861 1656 1037 1714 apponemus.

495 1835 699 1888 ΗΛΕΚΤΡΔ

590 1957 608 2016 Ι

240 2045 504 2157 Ἀγαμὲμνονος
479 2077 502 2114 α
524 2049 608 2132 κόρα,

243 2134 372 2215 ἤλυθον,
384 2132 538 2218 Ἠλέκτρα,
553 2136 620 2197 ποτὶ
635 2130 691 2196 σὰν
704 2127 878 2218 ἀγρότειραν
892 2127 997 2202 αὐλάν.

181 2262 252 2320 Plut.
269 2262 299 2320 V.
315 2261 482 2336 Lysandric.
500 2259 548 2318 to.
580 2254 634 2335 [El.
654 2259 712 2317 167
729 2253 787 2336 sq]

584 2425 619 2484 II

166 2537 228 2587 HA.
246 2533 305 2584 ποῦ
319 2547 373 2603 γης
386 2547 403 2584 ο
419 2521 537 2600 τλήμων
551 2517 699 2599 τλημονας
714 2544 811 2600 φνγας
826 2520 902 2598 ἔχεις

168 2619 224 2669 ΟΡ
248 2602 302 2710 οὐχ
316 2605 370 2667 ἕνα
385 2631 439 2683 νομ
442 2610 512 2678 ίζαν
526 2609 679 2712 φθείρεται
694 2601 805 2678 πόλεως
821 2605 921 2666 τόπον.

165 2707 228 2756 HA.
247 2680 340 2766 ἦπου
353 2691 485 2764 σπανίζει
499 2699 553 2752 τοῦ
569 2687 643 2750 καθ’
658 2685 771 2790 ἡμέραν
785 2691 820 2789 βί
818 2709 869 2757 ους

166 2791 223 2840 0p
247 2773 306 2851 ἔχει
320 2771 383 2852 μέν,
398 2767 528 2850 ἀσθενὴς
546 2772 643 2837 tides
657 2768 777 2852 φεύγων
791 2767 877 2849 ἆνηρ.

182 2896 228 2952 llio
244 2895 338 2969 Chrys
355 2896 410 2967 13,
426 2896 454 2953 5.
486 2896 532 2952 ubi
546 2905 644 2970 poetae
659 2910 756 2952 nomen
771 2895 922 2963 omittitur
938 2893 985 2949 sed
1000 2893 1078 2949 Euri·

120 2981 213 3055 pideac
232 2979 354 3037 Electrae
374 2996 435 3036 esse
455 2980 544 3036 locum
570 2980 649 3037 lacile
676 2988 784 3052 poterat
809 2979 905 3035 conici.
940 2971 994 3055 [El.
1017 2977 1078 3035 233

119 3059 247 3140 -aaot

452 3191 454 3196 .
573 3146 625 3205 III

246 3237 302 3304 οὐκ
317 3235 376 3305 ἔστ’
386 3240 514 3344 ακριβές
527 3235 595 3304 ουδὲ
597 3265 615 3302 ν
630 3242 671 3316 είς
685 3236 862 3319 οὗανδρί·

246 3323 391 3405 ἔχουσι
347 3351 413 3428 γαρ
428 3322 579 3425 ταραγμὸν
594 3326 630 3387 αί
639 3321 745 3404 φύσεις
759 3261 890 3423 βροτῶν·

246 3406 354 3514 ἤδη
319 3435 376 3492 γαρ
391 3409 470 3474 εἶδον
485 3406 580 3488 ἄνδρα
593 3412 732 3513 γενναίου
746 3401 856 3488 πατρὸς

247 3520 281 3558 το
269 3489 420 3574 μηδὲν”
402 3518 483 3572 οντα,
498 3515 607 3574 χρηστα
597 3489 650 3554 d'
668 3492 700 3555 ἐκ
714 3495 816 3554 κακῶν
830 3490 927 3552 τέκνα.
