2408 3862
414 202 784 260 uuuvuuuvuuusust.
1019 201 1081 266 267

573 370 634 434 947

184 477 261 535 Philo
283 476 338 533 lud.
360 475 468 545 Quaest.
490 477 518 534 lu
540 477 637 534 chcs.
658 476 748 536 νοΗ
770 495 796 550 p.
815 476 1082 535 testulutum:

121 567 225 635 optime
240 565 315 620 discit
330 562 539 634 Epicharmus:
559 565 736 634 quicunque,
754 565 808 632 ait,
825 565 919 619 minus
933 563 1079 635 delinquit,

122 652 244 719 optimus
258 653 300 702 est
315 650 375 709 oir,·
395 661 476 702 nemo
496 651 538 701 est
559 648 631 701 euim
645 648 797 716 innocens,
820 660 902 702 nemo
923 646 1081 718 reprelien-

121 734 209 789 sionis
229 745 346 801 expers.
368 736 396 786 et
416 730 572 800 Euripides
591 730 771 801 ‘quicunque
790 731 1000 785 incontinentes
1015 735 1082 795 suut

123 825 150 872 ct
170 816 313 871 redundat
332 817 361 870 in
382 817 423 870 eis
448 815 554 869 malum
577 815 742 869 inimicitiae
764 818 793 869 et
817 815 988 882 iniustitiae,
1014 815 1084 869 mati

122 905 188 957 sunt
193 921 203 962 ,·
216 901 246 954 in
260 899 364 971 quibus
375 904 470 954 autem
481 899 613 967 opposita
625 898 808 968 praevalent,
821 899 925 953 uirtute
938 898 1067 968 praediti
1072 920 1082 959 ‚-

121 987 151 1040 in
167 985 233 1038 aliis
252 997 318 1039 uero
333 985 374 1037 ita
394 984 480 1053 quasi
498 978 629 1053 ae‘qualis
643 983 679 1036 sit
699 983 876 1051 commixtio,
898 983 939 1036 ita
959 987 991 1037 ut
1010 983 1082 1037 uuiti

121 1070 179 1123 sint
192 1069 242 1139 qui
256 1069 350 1122 omnia
365 1067 442 1121 mala
456 1066 582 1122 habeant
596 1067 658 1120 sine
679 1066 736 1120 nito
752 1063 850 1121 bono’.
881 1063 944 1119 ibid.
959 1082 987 1137 p.
1004 1062 1079 1121 240:

123 1152 279 1221 Euripides
298 1165 410 1222 quoque
432 1152 570 1205 neminem
584 1149 862 1219 irreprehensibilem
877 1149 964 1217 dicit,
986 1155 1081 1205 tomen

122 1235 288 1308 quidusdam
310 1235 495 1290 abundantur
513 1235 687 1289 malitiarum
703 1232 834 1303 fomenta
858 1235 955 1303 turpia
970 1228 1080 1304 iniqua,

122 1321 193 1375 adeo
205 1322 307 1389 prauis
327 1318 521 1374 adversantur
534 1319 661 1379 strenui‚·
680 1316 848 1389 quibusdam
868 1322 962 1372 tamen
981 1319 1022 1372 ita
1039 1318 1078 1371 at·

123 1407 267 1459 trinsecus
282 1405 356 1458 inest
372 1405 572 1472 temperantia,
588 1407 619 1458 ut
633 1403 764 1457 nonnulii
776 1399 868 1470 (immo
883 1394 969 1474 uuiti)
986 1404 1081 1457 omnia

120 1488 245 1558 pessima
266 1488 410 1543 obtineant
431 1486 538 1558 absque
553 1487 611 1541 utto
626 1485 709 1554 bono,
731 1485 862 1541 nonnulli
873 1487 967 1541 omnia
981 1499 1080 1541 neces·

121 1575 203 1627 saria
218 1567 353 1644 (expectes
368 1571 441 1628 nulli
454 1573 547 1627 omnia
563 1563 647 1641 bona)
664 1571 727 1625 sine
741 1569 799 1625 uita
814 1569 898 1626 maio.

567 1729 629 1793 948

223 1834 308 1920 odfin
324 1841 475 1907 τοιοῦτον
494 1834 603 1926 ἄνδρα
621 1857 673 1905 σοι
691 1835 903 1925 παρεστάναι.

185 1954 251 2011 Plat.
267 1954 353 2028 Epist.
370 1954 430 2028 lp.
446 1955 551 2012 3090:
574 1949 627 2007 uui
639 1970 689 2027 μοι
704 1939 736 2007 τὸ
757 1944 988 2049 τοοΕὐριπίδοο
1008 1938 1083 2006 κατὰ

121 2024 227 2107 καιρὸν
248 2032 328 2093 ἔστιν
328 2026 489 2135 ”edusius
471 2054 516 2092 οτι
530 2029 577 2091 σοὶ
598 2026 779 2110 πραγμάτων
798 2025 899 2092 ἄλλων
918 2028 989 2092 ποτὲ
1010 2032 1079 2108 ξυμ-

122 2113 271 2179 πεσόντων
291 2108 441 2190 ενξει-
400 2112 664 2192 -παρεοτοὶναιῆ
700 2121 728 2175 iu
748 2120 837 2177 verbis
856 2119 995 2218 prioribus
1020 2135 1080 2175 ver·

122 2225 182 2265 sum
202 2199 253 2261 nai
273 2192 478 2279 ξομπεοόντων
495 2195 677 2278 πραγμάτων
695 2191 793 2259 ἄλλων
815 2196 884 2259 ποτὲ
904 2203 989 2260 latore
1016 2220 1081 2258 cou-

122 2294 186 2349 iecit
201 2292 321 2347 Grotius.

573 2400 636 2465 949

549 2505 725 2598 Δήμητρος
744 2503 859 2595 λάτριν

184 2627 356 2685 Philodemus
376 2618 444 2699 coepi
465 2613 642 2699 εὐσεβείας
634 2640 662 2679 m
678 2625 831 2697 Gomperuii
845 2623 917 2680 libro
932 2621 1082 2678 Hortata·

122 2714 222 2769 miscite
238 2712 356 2769 Studien
377 2710 443 2768 taso.
466 2710 485 2766 2
510 2727 538 2783 p.
560 2707 600 2764 42
623 2707 739 2780 (Hercul.
755 2707 815 2763 Vol.
838 2705 901 2764 coll.
923 2706 970 2762 ult.
990 2705 1011 2760 tt
1033 2704 1081 2760 fol

122 2792 193 2871 91).
217 2789 352 2869 λέγουσιν
373 2788 403 2848 ti
424 2810 558 2862 τινες-
572 2786 623 2847 τινι
639 2781 693 2864 τὴν
705 2781 838 2888 Εκιὶτην
855 2777 969 2846 ὀπαδὸν
985 2775 1079 2859 'Apud

120 2875 217 2976 μιδος
221 2869 316 2954 εἶναι,
333 2871 491 2951 Δήμητρος
507 2870 538 2934 ii
553 2866 656 2973 λάτριν
671 2864 770 2949 Εὖριπ
771 2870 847 2950 tim,
858 2865 1083 2948 Ὅμηροςν
1006 2865 1083 2927 t’ir

121 2965 183 3031 τοῖς
197 2953 303 3038 ὕμνοις
316 2952 466 3037 πρόπολον
480 2948 561 3016 nui'
547 2953 672 3017 οποὶονοι.

573 3124 635 3189 950

222 3241 271 3316 τίς
290 3230 322 3305 δ’
343 3240 410 3303 ἔστι
430 3235 549 3313 δοῦλος
566 3236 626 3301 τοῦ
644 3243 766 3300 θανεῖν
782 3226 941 3320 ἄφροντις
960 3223 1024 3311 ω”νς

184 3353 255 3409 Plut.
272 3352 380 3450 Mor.p
383 3351 489 3410 stu.
510 3343 562 3405 uui
582 3338 674 3404 πάλιν
694 3364 748 3403 τοο
734 3333 928 3439 Εὐριπίδου
949 3338 1083 3417 λέγοντος
1163 3412 1167 3419 ¹

122 3430 245 3503 *τίς-
267 3425 325 3504 οἰ’ν;
333 3371 605 3491 ’ὑπανονστέον“
589 3450 635 3488 οτι
654 3425 705 3486 nui
726 3424 794 3506 περὶ
820 3418 914 3486 πόνου
938 3423 990 3485 nul
1015 3445 1081 3496 περι

122 3509 213 3577 νόσον
233 3507 269 3575 τὰ
283 3507 358 3576 αὐτὰ
377 3515 505 3599 εἴρηκεν.
535 3517 650 3575 suudcm
664 3532 772 3573 versum
795 3514 912 3573 oderunt
927 3514 997 3572 Plut.
1015 3514 1083 3573 Mor.
