2408 3862
119 167 179 231 130
491 167 724 222 MEAANIIIIIII

116 354 216 413 ματος.
244 332 451 412 περιερχομένη
472 328 529 437 γὰρ
549 327 646 403 παίσας
666 332 760 405 αἰτίας
779 333 834 394 τοῦ
854 333 948 435 σρῖσαι
961 323 998 395 τδι
1012 356 1084 397 παι-

118 418 167 478 δία
183 416 259 496 λέγει
280 417 326 478 ἐί
338 417 370 479 δὲ
383 415 535 496 παρθένος
552 422 707 516 φθαρεῖσα
722 414 843 495 ἐξέθηκε
858 442 893 479 τα
882 415 1014 480 παιδία
1028 418 1083 480 καλ

117 492 338 582 φοβουμένη
309 522 363 563 τον
376 500 505 580 πατέρα,
525 492 562 561 σδ
577 498 673 601 φόνον
693 499 843 602 δράσειςβ
867 509 995 565 similiter
1008 509 1082 567 idem

116 592 194 648 Rhet.
211 593 247 664 8,
265 590 305 648 10
318 592 371 647 vol.
388 590 406 648 5
422 609 449 662 p
464 591 527 648 300
542 607 599 664 sq‚:
621 577 816 664 Εὐριπίδης“
801 608 818 646 ο
833 585 958 668 ποιητὴς
973 585 1007 648 ἒν
1020 581 1082 671 ὅλῳ

118 667 246 769 δράματι
261 663 350 769 λὸγρν
365 666 612 767 ἐσχηματισμενον
626 671 775 748 περαίνει,
794 667 826 730 ἕν
841 694 876 775 τρ
864 672 1084 772 Μελανίππῃ

118 756 156 836 τῇ
174 762 263 838 σοφῇ.
293 746 378 813 νᾶκει
370 753 432 815 δὲ
451 746 484 814 τὸ
504 754 601 860 σχῆμρι
624 752 765 850 διπλοῦν,
788 749 821 815 τὸ
839 754 894 833 μὲν
915 747 1082 816 αὐτοῦτοῦ

119 841 262 916 ποιητοῦ,
282 862 315 900 ιο
305 835 364 898 55
377 839 431 899 τοῦ
450 835 648 916 ὑποκειμένου
662 833 837 941 πρρσοᾶπου,
852 840 921 915 τῆς-
914 838 1080 900 Μελανίπ-

117 944 177 1000 πης
197 920 256 985 ιιτὲ.
291 927 380 983 exitus
400 925 507 983 tabulae
529 929 685 984 continetur
707 928 741 983 iis
764 944 833 1001 quae
854 927 937 983 tradit
957 927 1082 1002 Hyginus

120 1011 671 1083 iah.186:Menalippeneoeeaeeavit
692 1007 789 1084 (pater)
812 1013 889 1067 etin
909 1017 1082 1069 munemento

119 1099 270 1153 conclusit.
300 1095 370 1151 hene
384 1095 501 1152 fabulam
489 1095 627 1188 respicit
642 1095 770 1151 'setianus
786 1095 829 1151 0r.
846 1095 878 1150 ad
899 1094 944 1149 Gr.
956 1113 981 1191 ρ.
991 1096 1031 1153 33
1052 1113 1081 1168 p.

121 1179 196 1237 132:
220 1175 403 1250 Μελανίππη
423 1195 467 1244 τις
481 1158 520 1250 55
540 1168 635 1249 σοφή·
658 1165 708 1233 δια
722 1175 810 1233 τοῦτο
824 1167 936 1249 ταύτην
950 1167 967 1233 5
983 1175 1080 1234 Λυσί-

118 1277 242 1336 στρατος
262 1255 501 1359 ἐδημιούργησεν.
540 1264 605 1317 λλον]
626 1271 656 1317 ut
682 1263 787 1318 videtur
806 1264 851 1319 Ar.
874 1263 980 1318 Thesm
1004 1261 1081 1319 547:

119 1341 254 1419 ἐπίτηδες
269 1335 415 1420 εὑρίσκων
431 1335 547 1418 λόγους,
563 1333 638 1400 ὅπου
652 1334 728 1419 γυνὴ
744 1362 860 1419 πονηρα
851 1332 999 1419 ἐγένετο,
1015 1343 1082 1403 Με-

119 1428 269 1496 λανίππας
289 1425 386 1484 ποιῶν
402 1422 536 1522 Φαίδρας
556 1445 595 1485 τε.
625 1428 735 1485 Nomius
751 1430 911 1503 Dionys.‚8
932 1431 1009 1488 236:
1030 1423 1083 1486 κοιλ

120 1509 154 1572 σὲ
169 1510 265 1588 σοφῆς
279 1506 484 1589 προβέβουλεν
498 1500 669 1587 ἆειδομὲνης
683 1509 893 1587 Μελανίππης.

571 1675 634 1740 483

224 1780 345 1866 Ζεύς”
327 1806 416 1865 οστις
432 1779 451 1854 5
469 1782 565 1870 Ζεύς,
583 1779 623 1852 05
641 1783 704 1872 γὰρ
721 1783 798 1854 οἶδα
815 1782 903 1872 πλὴν
920 1781 1008 1876 λόγῳ

184 1900 293 1958 Lucian.
314 1904 368 1959 lov
392 1910 459 1975 trag.
435 1901 515 1957 041
537 1902 589 1958 tol
607 1900 765 1974 2ρ,689ε
792 1893 855 1956 ἐπεὶ
875 1887 949 1956 καθ’
974 1893 1085 1956 ἑαυτὸν

120 1971 236 2042 ὁπόταν
250 2004 266 2041 ο
257 1945 449 2081 Ἐὐριπίδης
463 1980 555 2059 μηδὲν
570 1975 744 2059 ἐπειγούσης
757 1987 811 2078 τῆς
826 1983 922 2059 χρείας
934 1981 995 2039 τῶν
1011 1979 1081 2059 δρα-

120 2060 271 2144 μαίνοντα
262 2058 432 2168 δοκοῦντά
446 2066 480 2124 ot
467 2064 566 2168 λεγη,
581 2062 714 2125 οἴκουσον
729 2055 821 2125 αὐτοῦ
835 2063 901 2126 τότε
915 2081 1083 2170 παρρησια-

121 2150 245 2251 ζομένοη
270 2149 358 2234 ὁρρῖς
383 2141 435 2209 τὸν
458 2144 603 2226 ὑψοῦ-
564 2149 717 2210 -θεόυ’
746 2152 788 2230 (ir.
818 2148 889 2228 935)
916 2145 966 2207 καί
991 2143 1084 2208 πάλιν

120 2229 243 2307 Ζευς
228 2252 361 2308 οστις
378 2231 471 2319 λόγρι’
495 2225 597 2335 πριλ
566 2257 603 2293 τα
623 2235 751 2294 τοιαῦτα.
782 2238 900 2294 Iustinus
921 2237 954 2292 λλ.
972 2237 1004 2292 de
1025 2253 1083 2293 mo-

121 2325 322 2383 narehiac.5:
344 2316 377 2380 ἐν
392 2298 527 2402 Φρίξρι’
513 2341 529 2378 ο
551 2316 744 2399 τραγικός-
759 2314 791 2378 ἕν
808 2311 1037 2413 Φιλοιτήτη-
993 2312 1084 2375 -ἒν

118 2397 612 2504 'E5555‘Ze555653-5555',
642 2408 712 2463 Ρλυλ.
729 2407 793 2462 λλον.
810 2424 837 2479 p.
855 2404 963 2462 7560:
989 2389 1083 2460 5505·

121 2509 164 2560 εις
184 2464 222 2591 55
237 2482 384 2564 δήπου
354 2510 407 2548 τον
430 2464 643 2584 Εὗριπίδην’
622 2511 661 2558 ως
688 2483 864 2585 ἐθορυβήθη
884 2479 1085 2563 ποιησάμενος

120 2567 217 2670 ἀρχὴν
232 2575 283 2648 τῆς
300 2572 523 2668 Μελανίππης
532 2565 607 2642 Ζευς
621 2564 693 2668 γὰρ
693 2565 760 2630 οἶδα
774 2563 853 2646 πλὴν
866 2564 973 2668 λόγριῖ
996 2590 1083 2646 μετα-

121 2649 271 2733 λαβοδνδὲ
285 2646 372 2758 χορὸν
386 2648 533 2714 ἄλλον-
547 2645 693 2731 ἤλλαξε
668 2676 717 2713 τον
733 2645 874 2733 στίχον
854 2677 892 2725 ως
906 2659 965 2713 νῦν
979 2651 1084 2732 γέγρα-

121 2759 192 2800 πται
218 2735 310 2810 Ζεὺς
335 2734 439 2809 οδς-
459 2733 536 2797 550⁹
565 2741 609 2818 (ir.
632 2739 719 2836 484).
757 2745 871 2836 respicit
895 2743 1085 2837 Αλλιεοοςοερε

120 2827 215 2900 Legat.
231 2844 281 2922 pro
297 2826 395 2882 Christ.
412 2844 434 2883 ο.
451 2825 469 2883 5
487 2845 511 2899 p.
529 2826 569 2881 24
585 2823 670 2898 Ζῆνα
683 2813 741 2901 γαρ
757 2816 834 2895 ὅστις
850 2820 909 2882 ἐστλ
925 2815 1011 2923 Zr5g,
1027 2814 1085 2882 οὐκ

121 2902 190 2967 οίδα
209 2899 289 2982 πλὴν
303 2901 398 3005 λόγῳ.
427 2911 463 2967 ολ.
480 2911 542 2966 Eur.
560 2910 637 2968 Here.
653 2912 682 2967 F.
706 2911 801 2969 1263.
824 2899 983 2978 Ζεδςδ”
966 2898 1085 2978 οστιςὸ

121 2982 197 3065 Ζείις
211 2969 398 3069 πολέμιόνίί
418 2987 556 3070 ἐγείνατο.

575 3157 639 3222 484

224 3265 319 3356 Ζεύς,
339 3262 384 3349 ὥς
402 3269 551 3338 λέλεκται
568 3269 626 3355 τῆς
644 3261 803 3355 ἀληθείας
822 3261 900 3354 ὕπο,

215 3366 343 3457 Ἕλλην’
364 3377 490 3440 ἔτικτεν

183 3486 265 3559 Greg.
282 3485 342 3542 Cor.
355 3487 432 3544 Rhet.
450 3486 527 3544 vot?
543 3487 676 3562 p.1312:
692 3478 743 3541 καὶ
758 3473 927 3562 Εὐριπίδης
943 3470 1090 3554 *Ζεδςα
