2408 3862
528 155 697 208 susionis
1041 154 1082 219 41

121 321 238 399 ἐξέθετο
263 313 407 428 tipaipu‘
386 347 424 396 ως
450 317 496 384 ότι
521 315 537 383 ὃ
547 316 641 419 Ζεός
665 323 706 395 εἰς
731 319 861 425 σάτυρον
885 322 1083 425 μεταβληθεὶς

118 409 246 513 ἔφθειρε
266 399 322 484 τὴν
339 402 500 486 Ἀντιόπην
519 396 662 468 κάκεῖθεν
677 406 826 487 ἐγεννήθη
841 430 857 468 ο
847 400 975 485 ’Ζῆθος
995 400 1082 469 uai‘
1067 431 1084 470 ο

118 486 253 570 Ἀμφίων
268 493 301 551 οῖ
308 495 453 570 μουσικοί
476 497 598 571 Hyginus
609 497 661 554 iah.
674 497 707 555 8:
732 500 831 556 cariem
842 496 980 571 (Antiopa)
997 499 1084 554 Euri·

120 583 207 654 piatis,
229 598 315 654 quam
335 583 434 637 scribit
455 582 576 637 Ennius.
612 581 717 652 Nyctei
740 585 817 655 repis
835 585 865 638 in
886 582 1007 638 Boeotia
1025 580 1084 652 suit

122 668 184 738 filia
201 665 334 736 Antiopa.
364 668 426 722 eius
437 665 553 737 formae
573 666 698 722 bonitate
711 665 846 737 Iuppiter
861 666 1003 721 adductus
1015 683 1084 739 pra·

123 751 217 806 uidam
226 747 308 819 fecit.
330 765 414 820 quam
421 755 511 820 pater
523 765 588 805 eum
603 753 709 820 punire
721 752 803 806 uellet
810 754 935 820 propter
943 755 1083 820 stuprum,

123 836 260 888 minitans
270 834 434 902 periculum
448 833 572 903 Antiopa
588 834 699 906 effupit.
722 848 795 889 casu
805 837 835 889 in
850 833 945 888 eodem
955 835 1018 889 ioco
1030 849 1085 905 quo

123 919 175 973 illo
187 917 373 987 peruenerat,
389 915 533 987 Epaphus
548 911 638 988 (immo
651 914 797 988 Epopeus)
813 916 966 989 Sicyonius
980 918 1083 972 stabat.

123 1004 150 1056 is
163 1002 309 1056 mutierem
324 1001 473 1056 advectam
487 1001 566 1056 domo
581 1004 759 1056 matrimonio
774 1016 825 1057 suo
840 1003 944 1056 iunxit.
968 1002 998 1056 id
1008 1000 1085 1073 Nyc-

125 1090 189 1139 teus
204 1097 292 1156 aepre
304 1082 421 1154 serens,
445 1100 508 1140 cum
523 1091 685 1141 moreretur
699 1083 777 1156 cho
795 1085 890 1155 fratri
905 1100 956 1140 suo
969 1099 1026 1155 per
1040 1085 1086 1140 ob·

124 1170 303 1223 testationem
317 1169 443 1237 mandat,
461 1171 510 1222 cui
524 1174 582 1223 tum
593 1184 712 1242 repnum
724 1169 912 1240 relinquebat,
929 1181 965 1223 ne
979 1171 1086 1238 inpune

125 1251 250 1321 Antiopa
263 1249 369 1321 ferret.
398 1251 484 1307 huius
499 1258 567 1322 post
587 1259 705 1309 mortem
719 1252 817 1324 Lycus
832 1251 981 1324 Sicyonem
1002 1254 1085 1307 uenit.

124 1335 280 1405 interfecto
296 1335 420 1406 Epapho
436 1335 587 1406 Antiopam
609 1339 732 1392 uinctam
752 1337 872 1392 abducit
892 1339 921 1391 in
939 1334 1086 1391 Cithaero-

125 1434 205 1475 nem.-
215 1421 299 1488 parit
307 1418 435 1491 pominos
446 1424 473 1473 et
484 1421 607 1491 reliquit.
623 1435 694 1491 quos
701 1425 806 1490 pastor
817 1421 956 1489 educavit,
970 1420 1087 1475 Zethum

126 1509 153 1558 ct
168 1500 353 1572 Amphionem
367 1504 529 1558 nominauit.
558 1503 682 1574 Antiopa
697 1503 806 1559 Diroae
828 1507 918 1559 umori
930 1504 1004 1575 Lyci
1017 1504 1086 1558 data

126 1592 191 1642 erat
205 1589 235 1641 in
250 1589 419 1641 cruciatum.
450 1600 485 1641 ea
506 1590 657 1643 occasione
672 1593 760 1643 nacta
772 1586 865 1659 sapae
886 1602 917 1643 se
931 1588 1086 1643 mandarit.

126 1671 239 1726 deuenit
254 1670 293 1724 ad
304 1672 380 1740 filios
394 1684 470 1739 suos,
487 1684 527 1726 eu
536 1673 637 1742 quibus
643 1670 749 1726 Zethus
759 1674 928 1727 existimans
933 1670 1088 1744 supitiaam

127 1769 185 1813 non
200 1756 319 1823 recepit.
334 1757 363 1809 in
379 1755 498 1809 eundem
507 1757 599 1810 locum
606 1755 695 1810 Dirce
703 1770 760 1826 per
771 1755 986 1810 bacchationem
992 1754 1089 1812 Liberi

126 1839 195 1893 iiiuc
210 1834 240 1907 (i.
257 1835 336 1908 tunc)
351 1838 448 1893 delata
463 1844 515 1893 est.
537 1839 577 1893 ibi
590 1839 742 1910 Antiopam
757 1844 903 1908 repertam
919 1839 959 1894 ad
970 1844 1088 1893 mortem

128 1920 312 1976 extrahebat.
333 1922 385 1976 seat
398 1921 435 1976 ab
450 1923 605 1978 educatore
610 1928 732 1992 pastore
738 1924 936 1979 adolescentes
948 1924 1088 1977 certiores

124 2004 204 2076 facti
223 2019 286 2058 eam
306 2018 368 2060 esse
383 2011 502 2079 matrem
519 2021 616 2075 suam,
644 2007 778 2061 celeriter
798 2009 946 2063 consecuti
966 2012 1087 2060 matrem

129 2091 312 2158 eripuerunt,
334 2088 443 2144 Dircen
464 2091 504 2144 ad
524 2095 640 2146 taurum
660 2091 788 2146 crinibus
807 2093 958 2164 relipatam
971 2094 1087 2145 necant.

128 2172 237 2241 Lycum
252 2188 317 2227 cum
331 2173 464 2228 occidere
479 2175 596 2243 uellent,
619 2176 705 2230 uetuit
720 2187 768 2229 eos
782 2174 949 2230 Mercurius
964 2178 992 2227 et
1005 2173 1088 2228 simui

128 2258 210 2312 iussit
224 2255 332 2328 Lycum
347 2257 505 2313 concedere
517 2272 636 2330 repnum
647 2257 806 2327 Amphioni.
832 2255 957 2347 ΑμοΙΙοο.
970 2255 1000 2325 3,
1011 2255 1042 2325 5,
1054 2254 1086 2310 5:

124 2324 266 2432 Ἀντιόπη
280 2326 456 2413 θυγάτηρ
435 2356 474 2412 ην
496 2333 597 2397 Nunti
599 2355 653 2406 ως·
678 2332 770 2434 ταύτῃ
785 2327 859 2406 Ζεός
874 2335 1033 2411 συνῆλθεν.
1063 2354 1082 2409 η

129 2409 197 2478 bt‘
178 2440 217 2490 ως
232 2417 334 2515 ἔγκυος
349 2416 476 2517 ἐγένετο,
496 2418 551 2478 τοῦ
565 2412 673 2496 πατρὸς
686 2410 878 2490 ἀπειλοῦντος
893 2417 933 2489 εἰς
949 2417 1089 2476 Σικοωνα

128 2491 341 2605 ἀποδιδράσκει
355 2501 430 2582 πρὸς
446 2492 582 2563 ’Ἑοτωττέα
597 2501 647 2562 nui
662 2499 756 2586 τούτῳ
776 2507 920 2602 γαμεῖται.
951 2495 1089 2573 Νυκτεὺς

130 2584 162 2648 (ii
175 2580 338 2664 ἀθυμήσας
357 2584 462 2647 ἕοιντόν
482 2583 619 2664 φονεόει,
649 2578 719 2659 όοός
737 2564 866 2662 ἐντολὴν
884 2581 982 2690 Λύκῳ
1007 2582 1089 2665 nopai

123 2665 284 2742 Ἐιιτωττέως
298 2669 350 2730 nai
364 2694 443 2751 ττοιροι
433 2662 608 2748 Ἀντιόπης
628 2674 730 2770 λαβεῖν
751 2663 883 2743 δίκας.
873 2693 889 2731 ο
884 2665 937 2731 δὲ
952 2645 1087 2751 ότροιτεο-

128 2751 261 2857 οόμενος
270 2757 411 2815 Σικυῶνα
425 2757 588 2855 χειροῦται,
610 2753 661 2816 καὶ
676 2748 729 2814 τόν
743 2753 806 2855 μὲν
813 2749 950 2815 Ἐπωπέα
970 2755 1089 2832 κτείνει,

128 2835 185 2915 την
206 2836 238 2898 δὲ
253 2832 453 2942 Ἀντιόττην”
431 2859 543 2918 ηγογεν
562 2836 753 2917 αἰχμάλωτον.
789 2861 809 2916 η
807 2833 866 2900 δὲ
885 2835 1017 2936 οἷμομένη
1035 2833 1090 2897 tho

129 2945 222 3024 γεννα
209 2923 371 2994 παῖδας’
360 2947 393 2985 εν
402 2917 599 3026 Ἐλεοθεραις
607 2921 764 3025 (ἐλευθέρῳ
778 2923 902 3003 iibri)
867 2945 919 3001 της
935 2922 1044 3021 Roiani
1043 2944 1089 2998 ας,

129 3001 182 3079 οὓς
196 2982 427 3086 iuusiptvovg‘
396 3003 491 3086 ενοών
505 3001 717 3087 βοοκόλος*)’
701 3029 792 3085 aucep
794 3005 876 3083 ἐφει,
898 2997 998 3065 uui
969 3027 1021 3065 τον
1036 3002 1091 3083 μὲν

197 3204 363 3274 *)ὀΟόίων
386 3206 485 3261 dicitur
508 3223 526 3260 ο,
548 3206 716 3285 Cephalione
738 3204 985 3281 1011.Mal.p.4‘1
1008 3204 1036 3256 eb
1057 3207 1091 3256 48

130 3210 256 3352 (Oedren
397 3291 499 3328 nomen
515 3274 584 3394 lonig
586 3273 636 3327 ubi
653 3273 754 3326 Zethus
773 3274 800 3326 cb
794 3271 956 3356 Amphion
974 3269 1092 3358 expositi

130 3277 220 3407 sinis
192 3358 249 3462 71112
251 3276 368 3396 Mpalala·
370 3350 551 3427 οοτποροοποε
570 3336 602 3395 ἕν
623 3341 658 3410 τῇ
675 3335 754 3410 κώμη
771 3340 805 3409 τῇ
822 3344 886 3407 ispa
910 3337 959 3407 ε’νη
978 3335 1091 3405 ρασθέᾳ

283 3405 480 3478 insaniens
493 3403 567 3469 θεας
575 3409 763 3530 Ipositiaarp
759 3411 802 3474 4⁷,
820 3412 862 3461 20.
886 3358 933 3460 ἵν’
926 3406 1092 3475 Ἐοαοθοιίῳ

131 3478 223 3546 χωρίῳ
241 3477 326 3546 Θηβ
306 3496 344 3529 ων
362 3476 453 3531 Tzeiz.
471 3475 556 3543 Exeg.
625 3480 772 3546 palat,
