2408 3862
496 226 707 282 zonnnoort
1021 229 1079 293 177

121 389 357 499 Βελλεροφόντου
380 389 412 453 δέ
414 387 610 493 φεύγοντος
610 391 644 454 ἐκ
659 394 814 496 Κορίνθου
829 385 879 455 διδ
893 389 1004 500 φόνον,
1024 387 1078 455 αό-

119 472 172 536 τόν
186 476 240 556 μὲν
255 473 358 578 ἥγνισε
373 478 427 538 τοῦ
441 473 569 554 μύσους,
590 468 610 552 3
614 500 703 577 γυνη
694 471 802 539 δὲ’
764 481 857 538 αυτοῦ
870 477 925 540 τόν
939 483 1078 559 Βελλερο-

119 558 235 640 φόντην
250 555 398 662 ἠγάπησε·
428 565 526 639 τυχεῖν
541 552 622 621 δὲ’
588 583 624 620 ου
640 561 789 660 δυναμένη
804 570 858 622 τοῦ
872 561 1079 640 έπιθυμηθέν-

119 667 168 717 τος
176 638 365 744 διέβαλεν
344 669 382 716 ως
402 642 544 704 ἐπιθέντα
564 642 643 742 αὐτῇ
663 638 715 705 τόν
737 647 913 726 Κορίνθιον.
928 646 1079 744 πεισθεὶς

119 720 184 790 δέ’
171 751 187 788 ο
208 734 337 829 Προῖτος
357 726 518 805 ἐξέπεμψεν
537 719 629 788 αὐτόν
650 727 691 801 εἰς
711 729 866 833 Παρίαν”
848 753 900 790 ινα
919 720 1078 808 ἆπόληται,

119 813 220 874 δέλτον
236 807 302 874 δὲ“
281 835 321 889 ην
335 810 490 912 ἐγεγράφει
501 809 652 873 έκελευσεν
666 834 740 910 προς
743 808 878 892 Ιοβατην
890 815 1077 917 διακομίζειν.

119 890 183 958 ott
203 903 264 969 τοῖς
285 893 452 996 γράμμασιν
471 889 626 957 ἆιιόλονθα
646 892 783 1000 πράττων
802 893 1033 997 προσέταξεν’
996 899 1078 999 αυτῷ

120 980 361 1042 διακινδυνεῦσαι
382 977 454 1088 πρὸς
468 1002 524 1080 την
538 975 738 1080 Χίμαιραν.
729 1002 746 1040 ο
740 973 823 1044 δὲ
808 978 1030 1082 αγωνισοὶμενος
1044 977 1077 1043 τό

118 1068 228 1164 θηρίον
242 1061 341 1126 οῖνεῖλε
355 1062 407 1126 nat
420 1056 492 1142 μειδ
506 1068 598 1124 ταῦτα
613 1056 842 1144 δποοτρέψαςῖ
814 1088 828 1127 ε
841 1090 862 1146 ς
870 1060 924 1145 τὴν
942 1068 1078 1169 Τίρυνθα

119 1152 239 1227 πρῶτον
252 1148 355 1228 μὲνμ
321 1148 335 1208 3
335 1145 516 1249 μέμψατο
486 1171 538 1209 τον
551 1151 693 1248 Προῖτον,
707 1149 806 1211 ἔπειτα
820 1149 853 1212 δέ
870 1145 987 1228 καλιὴν
999 1157 1077 1212 Σθε-

118 1229 277 1315 νέβοιαν’
260 1256 315 1312 ηπε
317 1234 416 1311 ῖλησεν
429 1227 580 1313 ιἰπόγξειν.
608 1224 740 1335 μαθιδν
740 1229 826 1295 δὲ
797 1257 851 1310 την
876 1241 1020 1337 γυναῖκα
1025 1237 1078 1295 τοῦ

120 1317 253 1396 Προίτου
261 1313 414 1462 ἐδεότερον
433 1313 684 1417 ἐπιβουλεύουσαν
703 1311 787 1403 αότρῖ
806 1313 991 1420 ἀνεχώρησεν
1005 1313 1077 1380 ιἰνα-

119 1399 275 1502 βιβόσαςέ
274 1402 308 1462 πὶ
323 1399 375 1462 τὸν
373 1397 546 1503 Πήγασον
553 1394 608 1479 τὴν
624 1407 708 1462 Σθεν
708 1380 819 1480 έβοῖαν.
850 1402 930 1465 nott
916 1396 1015 1466 έλθοδν
1030 1402 1078 1463 ἐπὶ

119 1478 175 1589 τῖρν
190 1486 347 1548 θάλασσαν
368 1479 450 1565 ἤρθη
465 1487 506 1558 εἰς
526 1480 615 1563 δῖψος.
644 1482 810 1591 γενόμενος
822 1486 854 1550 δε
873 1480 948 1548 κατόν
968 1490 1079 1565 Μῆλον

120 1565 176 1646 τὴν
190 1573 283 1648 νῆσον
298 1570 340 1642 εἰς
355 1569 410 1647 τὴν
424 1565 580 1630 θάλασσαν
595 1566 771 1648 δρριψεν’
734 1564 838 1649 αυτήν,
852 1565 891 1649 ἣν
906 1565 1078 1633 οῖποθανοῦ·

120 1671 175 1715 σαν
190 1650 325 1754 εὑρόντες
335 1653 413 1726 τινὲς
422 1646 514 1726 ἁλιεῖς
524 1645 749 1753 ἆναλαβόντεςέ
749 1652 874 1734 κόμισαν
885 1657 926 1728 εἰς
934 1657 1076 1730 Τίρυνθα

120 1733 211 1841 πρὶλιν
231 1738 263 1799 δὲ
282 1730 505 1837 ὑποστρέψας
491 1759 506 1796 ο
528 1733 763 1817 Βελλεροφόντης
783 1735 873 1839 πρὸς
877 1730 927 1811 τδς
948 1743 1079 1820 Προῖτον

120 1814 208 1896 αὐτὸς
216 1815 413 1925 ὡμολόγησεν
433 1820 614 1899 πεπραχέναι
636 1824 741 1882 ταῦτα·
773 1823 818 1895 δὶς
839 1815 896 1903 γδιρ
912 1820 1078 1901 ἐπιβουλευ-

119 1900 224 1979 θεῖς
206 1929 250 1968 υπ
252 1899 455 2007 ’ριμφοτέρων
473 1906 559 1983 δίκην
578 1899 784 2004 εἰληφέναι
750 1928 806 1983 την
820 1905 1005 1985 πρέπουσαν,
1026 1930 1079 1984 της

121 1990 175 2071 μέν
195 1993 236 2064 εἰς
256 1985 289 2051 ιδ
311 1991 381 2068 ζῆν,
403 1994 455 2051 τοῦ
476 1988 508 2050 δὲ
528 1982 618 2060 εἰς
589 2011 622 2049 το
644 1991 812 2051 λυπεῖσθαι
842 1994 932 2053 Schol
950 1995 1014 2053 Ven.
1030 1998 1076 2055 hr.

119 2082 181 2173 Ρρο.
200 2081 260 2138 140
275 2079 319 2152 (οῖ.
334 2080 407 2136 Sunt
422 2097 447 2134 v,
463 2066 701 2176 τραγικώτερος).
694 2071 829 2134 δοκεῖ’
812 2097 828 2134 ο
842 2073 1078 2180 Βελλεροφόντης

120 2182 176 2235 την
192 2181 243 2221 του
233 2159 390 2238 Προίτου
402 2163 532 2258 γυναῖκα
546 2150 617 2260 μετδι
631 2151 686 2234 τὴν
700 2182 751 2261 της
765 2159 914 2238 Χιμαίρας
927 2154 1078 2238 ἆναῖρεσιν

121 2240 296 2304 έπανελθεόν
318 2243 360 2315 εἰς
383 2239 535 2322 Κόρινθον
555 2234 702 2319 ἆπατησαι
726 2235 764 2314 39
784 2241 856 2316 ἕξων
877 2247 1005 2321 γυναῖκα
1026 2243 1078 2302 καὶ

121 2322 296 2407 έπιβιβασας
316 2329 368 2387 τοῦ
388 2324 534 2404 Πηγάσου
554 2327 596 2398 εἰς
617 2325 708 2404 μέσην
728 2322 871 2408 ῥῖψαι
839 2349 893 2404 την
913 2323 1077 2389 θάλασσαν.

120 2419 253 2474 lohannes
274 2415 381 2472 llalalas
401 2425 546 2491 postquam
565 2415 599 2471 de
618 2415 734 2489 Proeto,
755 2416 941 2491 Stheneboea,
961 2415 1079 2473 Bellero

120 2503 241 2597 phonte,
261 2500 351 2556 lobata
368 2500 497 2591 quaedam
512 2501 646 2593 narravit,
668 2459 734 2556 hae3
749 2500 861 2574 additp.
877 2500 1002 2574 84,1o:
1024 2518 1077 2556 κα-

120 2573 186 2653 θοός
200 2575 408 2659 συνεγράψατο
421 2570 616 2655 Εὐριπίδης
602 2599 618 2638 ο
629 2600 768 2659 τραγινος
782 2577 907 2659 ποιητὴς
920 2575 1079 2660 πληρώσας

120 2661 154 2724 τὸ
175 2663 282 2745 δρᾶμα.
322 2667 431 2724 Ovidius
452 2669 533 2725 Trist.
556 2667 591 2739 2,
607 2668 667 2725 397
695 2670 895 2742 tragoediarum
921 2677 1079 2742 argumenta

121 2769 280 2810 recensens:
296 2754 442 2825 namquid
455 2754 491 2808 de
502 2709 603 2809 tetri3o
615 2753 745 2824 referam
757 2753 1078 2826 domitoreObimoeroe,

121 2854 205 2910 quem
224 2838 278 2893 leto
296 2836 399 2907 fallax
412 2838 524 2907 hospita
538 2850 633 2907 poene
648 2839 743 2893 dedit?
769 2838 881 2910 proelivl
904 2855 997 2895 errore
1014 2839 1079 2893 haee

120 2920 211 2977 fabula
223 2937 283 2975 eum
294 2920 503 2993 Bellerophonte
520 2918 695 2975 confunditur
709 2919 778 2993 (vide
788 2920 822 2976 fr.
843 2921 903 2979 663
918 2922 978 2979 666
997 2919 1078 2992 670)

120 3004 267 3060 hleinehins
289 3019 321 3058 ex
340 3002 509 3059 Stheneboea
524 3011 636 3096 sumpta
658 3020 720 3059 esse
740 3004 856 3061 coniecit
876 3003 954 3060 verba
970 3004 1078 3060 Aristo-

120 3089 217 3162 phanis
236 3087 298 3143 Pac.
316 3084 390 3144 140·
419 3082 449 3141 τί
473 3072 538 3139 δ”
517 3104 556 3161 ην
571 3078 637 3153 39
618 3076 713 3161 νγρδν
734 3076 946 3164 πόντιονπέση
963 3076 1079 3181 333093

120 3173 241 3244 v..'l'rag
257 3171 362 3263 adesp.
370 3170 420 3226 41.
450 3187 501 3242 ego
524 3172 551 3225 in
566 3169 598 3226 iis
621 3186 689 3264 quae
708 3168 852 3228 Suidasv
871 3160 1079 3244 χαμαιεόρετος

120 3255 217 3325 habet,
238 3241 454 3348 χαμαιεόρετόν
468 3271 503 3349 με
519 3236 585 3347 εὗρε
604 3271 654 3308 ιιαι
647 3242 872 3327 ἀνεθρέψατο,
893 3254 1078 3313 Stheneboeae

122 3356 230 3396 versum
246 3355 409 3412 χαμαιπετη
424 3357 445 3412 μ
472 3326 504 3405 δς
518 3317 586 3412 εὗρε
599 3322 729 3413 νᾶνεθρέ
730 3345 807 3411 ψατο
818 3339 903 3395 latere
913 3337 978 3395 olim
989 3343 1076 3413 suspi-

119 3431 196 3480 eatus
212 3440 271 3479 sum
286 3422 349 3479 coll
364 3424 421 3479 loh
439 3422 497 3478 ttat.
514 3439 541 3495 p
558 3421 675 3494 83,13.

171 3633 248 3675 Evam
264 3644 313 3676 νοτι.
327 3645 361 3678 m.
860 3640 901 3689 ῃ,
