2408 3862
512 204 679 267 ΚΡΗΣΣΑΙ

216 485 258 560 m}
276 486 338 576 γάρ
357 480 426 557 ποτ’
445 484 552 577 ἄνδρα
571 488 629 557 τὸν
646 485 754 576 σοφόν
770 489 904 574 γυναικὶ
922 515 984 576 χρη

219 597 335 659 δουναι
353 589 509 677 χαλινούς
527 584 598 657 οόό
617 583 730 677 ἀφέντ’
750 593 808 659 ἐάν
825 604 975 677 κρατεῖν·

218 688 337 760 πιστὸν
353 690 418 778 γάρ
436 684 539 759 οὐδέν
556 692 660 758 ἐστιν·
680 695 712 759 ελ
728 690 768 758 δέ
782 718 831 770 τις
849 703 947 776 κυρεῑ

217 787 374 878 γυναικός
393 794 529 878 ἐσθλῆς,
549 785 682 878 εὐτυχεῖ
699 787 802 859 κακόν
819 787 942 878 λαβάν.

180 909 256 966 stoh.
272 907 346 963 plor.
362 908 413 979 τι,
429 906 458 963 ο.

218 1141 352 1215 γαμεῑτε
369 1131 447 1214 νῦν,
467 1143 611 1214 γαμεῑτε,
630 1116 713 1216 κᾷτα
730 1123 897 1213 θνήσκετε

219 1220 240 1315 ἢ
257 1225 481 1316 φαρμάκοισιν
499 1230 535 1295 ἐκ
551 1224 709 1314 γυναικός
726 1219 747 1313 ἦ
766 1224 884 1308 δόλοις.

181 1345 259 1402 stoh.
275 1344 346 1401 Flor.
365 1343 416 1416 72,
430 1343 459 1400 4.

567 1453 629 1520 468

212 1559 327 1651 ’Ἅιδης
345 1580 455 1651 κρινεῖ
470 1558 558 1632 ταῦτ’
579 1617 758 1635 .......

182 1682 321 1775 Aristoph.
337 1681 417 1754 Vesp.
439 1680 514 1738 763:
535 1676 621 1736 τοῦτο
641 1672 673 1736 δὲ
683 1667 791 1751 ’Ἅιδης
813 1674 968 1778 διακρινεῖ
977 1671 1080 1776 πρότε-

115 1782 174 1864 ρον
188 1784 208 1837 η
195 1752 281 1840 ’“ἕηάι
295 1761 441 1859 πείσομαι.
472 1764 518 1820 ubi
534 1764 640 1822 Schola
662 1757 694 1819 ἓν
709 1757 869 1879 Κρήσσαις
883 1752 1081 1838 Εὖριπίδουό

115 1838 235 1924 Ἀτρεός
254 1840 327 1924 πρὸς
346 1835 402 1920 τὴν
420 1834 595 1923 Ἀερόπην
602 1848 703 1919 κρινεῖ
713 1846 832 1907 ταῦτα’.
853 1839 959 1922 Ἀιδης
979 1851 1080 1906 adden·

120 1935 183 1992 dum
199 1950 258 1992 esse
273 1933 369 2009 liquet.

570 2026 633 2092 469

222 2132 286 2222 ἐγώ
304 2133 401 2223 χάριν
420 2157 484 2223 σην
501 2132 606 2203 παῖδά
623 2157 687 2206 σου
704 2137 912 2219 κατακτενῶ,

184 2253 311 2346 Apollon.
327 2252 361 2308 de
376 2255 446 2307 coni.
463 2269 489 2325 p.
506 2250 584 2323 514,
604 2251 711 2308 3dev.
728 2242 828 2326 χάρινε
852 2243 959 2348 φησὶν
966 2242 982 2306 ὁ
1002 2242 1081 2322 Τρό·

120 2356 188 2412 φων
205 2324 244 2404 ὡς
265 2353 346 2409 παρα
333 2320 515 2436 Εὐριπίδη
534 2295 618 2390 κολ”
601 2353 644 2390 ετι
663 2328 766 2402 ἄλλοις
787 2335 925 2408 ποιηταῖς
945 2323 1080 2430 ὀνοματι-

121 2420 177 2495 κῆς
206 2412 415 2492 συντάξεως”
396 2436 514 2516 ετυχεν
545 2412 633 2474 ἓν
600 2437 656 2492 μεν
680 2406 747 2518 γάρ
763 2410 915 2491 Κρήσσαις
938 2407 1013 2493 ἐμά
1042 2450 1078 2461 -

121 2501 308 2562 κατακτενῶ’
324 2522 375 2559 και
366 2497 419 2558 ἕν
430 2493 570 2581 Αόγη-.
592 2493 747 2571 παῖδας’
712 2519 748 2560 ου
765 2504 849 2562 edidit
859 2502 973 2576 Bekker,
987 2491 1083 2561 παῖδά

121 2605 175 2647 σου
189 2589 312 2647 Βοεῑιοε
305 2607 333 2645 m
348 2589 429 2662 Greg.
446 2589 507 2645 Cor.
522 2606 549 2661 p.
565 2589 615 2646 32.

223 2850 258 2912 τί
273 2842 337 2932 γάρ
354 2853 457 2912 ποθεῖ
471 2840 629 2930 τράπεζας
647 2844 694 2935 τῷ
712 2839 741 2912 δ’
759 2836 799 2912 οό
818 2849 988 2931 βρίθεταις

224 2941 351 3033 πλήρης
368 2943 431 3031 μὲν
447 2937 541 3024 ὄψων
558 2950 716 3030 ποντίων,
734 2941 867 3032 πάρεισι
887 2943 923 3012 δὲ

223 3043 356 3134 μόσχων
372 3046 516 3132 τέρειναι
534 3041 652 3132 σάρκες
670 3042 787 3133 ἀρνεία
804 3070 840 3110 τε
859 3045 932 3122 δαὶς

224 3147 280 3215 καὶ
298 3142 405 3216 πεπτὰ
422 3146 477 3214 καὶ
496 3142 636 3234 κροτητὰ
654 3147 711 3232 τῆς
730 3145 956 3230 ξουθοπτέρου

224 3244 358 3338 πελάνῳ
375 3253 532 3334 μελίσσης
549 3242 709 3334 άφθόνως
728 3244 923 3331 δεδευμένα.
1024 3260 1041 3312 5

186 3365 249 3423 Ath.
264 3362 362 3438 Xle.
380 3362 484 3421 6403:
506 3357 565 3434 ε’φη
579 3381 624 3430 τις
638 3357 698 3418 τῶν
712 3348 885 3433 παρόντοιν·
905 3354 941 3414 αι’
938 3349 1087 3454 δεύτεραί

123 3467 186 3515 πως
201 3466 294 3522 φροντ
295 3442 354 3514 ίδες
369 3438 533 3545 σοφώτεραι
553 3445 627 3516 (Eur.
643 3445 720 3520 Hipp
736 3443 860 3516 436).
868 3439 898 3499 τί
909 3430 1023 3518 γάρ-
982 3437 1083 3498 -ιλε-

124 3527 268 3606 δευμένα’
269 3571 279 3608 ,
300 3523 429 3606 φησλνό
451 3521 616 3610 Εὐριπίδης
637 3523 669 3586 ἐν
691 3517 854 3609 Κρησσαις.
881 3547 925 3586 τε
937 3527 961 3582 ’λ
980 3545 1027 3597 sp„
1054 3527 1096 3579 οἱ.
