2408 3862
508 178 693 231 ΔΛΚΜΕΩΝ
1045 176 1085 242 15

118 368 192 450 μετα
182 339 357 446 Αἰσχύλον
360 342 470 445 έίβασ
457 349 560 406 λευσεν
580 336 681 406 αὐτῶν
692 340 843 424 Ἀκμαίων
859 344 909 425 ἔτη
924 342 995 408 δύο·
1016 342 1084 424 περί

119 453 156 492 ου
142 419 369 510 Εὐριπίδης
355 423 555 531 οσοφοότατος
571 429 674 536 δρᾶμα
683 428 808 504 ἐξέθετο.

182 521 261 576 Prior
280 519 388 593 fabula,
413 505 606 591 Ἀλκμέων’
589 537 605 576 ο
628 506 677 574 διδ
700 518 860 594 Ψωφῖδος,
887 536 983 577 scenae
1011 536 1085 576 com·

120 607 204 661 missa
219 613 262 660 est
277 604 379 677 olymp.
392 603 443 696 85,
459 603 488 660 2.
504 606 617 699 Argum.
631 603 748 662 Alcesta
764 595 938 679 έδιδοίχθηέ
937 597 971 659 πὶ
987 602 1084 658 Γλαυ-

119 684 207 744 κίνου
225 676 368 761 ἄρχοντος
382 704 413 742 το
405 646 443 741 λ
459 679 520 762 (κε’
533 677 575 745 ο’λ
589 685 768 784 Dindorfius).
801 686 914 765 πρῶτος
928 668 968 761 ἦν
984 687 1083 781 Σοφο·

120 772 209 846 κλῆς,
234 763 368 845 δεύτερος
387 756 555 844 Εὐριπίδης
579 762 744 848 Κρήσσαις,
767 761 945 845 Ἀλκμαίωνι
971 768 1014 849 τῷ
1035 759 1085 827 διὰ

124 851 281 929 Ψωφῖδος,
298 849 435 934 Τηλέφῳ,
449 847 627 929 Ἀλκήστιδι.
657 857 689 913 δε
704 858 797 931 mytho
819 858 854 917 σί.
870 857 958 931 Hygia
973 827 1027 912 fa‘h
1044 856 1084 912 73

121 949 149 997 et
162 941 289 1015 Apollod
306 941 342 1012 3,
358 941 394 1012 7,
409 939 439 997 5.
471 941 600 998 'l'atianus
616 941 690 998 Orat.
706 942 739 997 ad
754 940 847 999 Graec.
862 959 886 1036 ρ.
903 941 991 1035 2456
1009 940 1084 997 100·

120 1021 151 1080 τί
166 1041 217 1118 μοι
237 1015 434 1118 συμβάλλεται
455 1015 528 1121 πρὸς
550 1016 693 1096 ὠφέλειαν
713 1009 729 1080 6
751 1013 825 1080 κατύ
846 1012 899 1080 τόν
913 1012 1085 1123 Εὐριπίδην

120 1097 296 1212 μαινόμενος
319 1102 370 1163 καὶ
389 1125 451 1202 την
470 1097 673 1202 Ἀλκμαίωνος
696 1104 914 1208 μητροκτονίαν
938 1095 1085 1184 οἷπαγγέλ-

122 1193 195 1268 λων;
223 1213 246 1271 ῳ
238 1182 345 1267 μηδὲ
365 1179 398 1247 τό
419 1187 529 1249 οἰκεῖον
549 1182 691 1288 πρόσεστι
708 1191 823 1297 σχῆμα,
845 1187 949 1268 κέγηνε
964 1186 1048 1248 δὲ’
1012 1209 1086 1266 μεγα

121 1272 171 1332 καὶ
199 1274 282 1349 ξίφος
297 1270 461 1370 περιφέρει
481 1271 533 1333 καί
558 1265 710 1353 κεκραγώς
735 1275 900 1353 πίμπραται
927 1270 978 1333 καί
999 1275 1090 1351 φορεῖ

121 1351 230 1457 στολην
243 1350 459 1435 ὐπόνθρωπον.

123 1433 352 1589 67Ἀλκμέωνα
373 1437 424 1501 τὸν
446 1433 495 1501 διδι
511 1442 664 1520 Κορίνθου
687 1454 793 1542 spectat
813 1447 942 1504 Scholion
958 1449 1005 1503 Ar.
1019 1446 1085 1504 Ran.

172 1527 238 1587 ,αί
256 1526 443 1586 διδασκαλίαι
463 1526 593 1626 φέρρυσι,
608 1522 832 1626 τελευτήσαντος
842 1517 1063 1626 Εὐριπίδου
1034 1546 1086 1624 τρν

122 1532 188 1670 666
208 1603 300 1671 αὐτου
288 1602 534 1710 ’δεδιδαχέναῧ
519 1606 677 1709 ομοόνυμον
693 1603 761 1670 ἕν”
743 1628 825 1671 αστει
842 1601 1017 1690 Ἰφιγένειαν
1031 1605 1086 1686 τὴν

123 1693 155 1754 ἐν
171 1687 294 1772 Αὐλίδι,
305 1685 508 1794 Ἀλκμαίωνα,
524 1691 657 1796 Βακχας.
682 1700 715 1756 ‹le
731 1709 891 1772 argumento
907 1701 943 1758 cs.
958 1697 1086 1797 ΑροΙΙοδ.

123 1784 153 1856 3,
175 1784 210 1857 7,
232 1784 265 1840 7:
289 1771 460 1878 Εὐριπίδης
481 1778 513 1839 δὲ
539 1778 632 1856 φησίν
649 1771 838 1857 Ἀλκμαίωνα
863 1772 940 1842 κατύ
960 1775 1012 1839 τόν
1032 1779 1086 1855 τῆς

122 1826 228 1964 μανίύς
243 1884 398 1943 χρονον
366 1861 398 1922 6
415 1865 560 1936 Μαντοῦς
566 1864 596 1942 *)
615 1865 766 1939 Τειρεσίου
787 1862 896 1936 παῖδας
911 1858 965 1924 δύο
978 1863 1085 1965 γεννῆ·

123 1963 172 2006 σαι
174 1938 373 2025 ,Ἀμφίλοχον
388 1946 438 2008 καὶ
455 1946 605 2027 θυγατέρα
624 1942 798 2023 Τισιφόνην,
821 1950 983 2026 κομίσαντα
998 1945 1029 2008 δὲ
1044 1945 1086 2017 είς

123 2026 276 2108 Κόρινθον
302 2027 337 2093 τὰ
362 2031 468 2136 βρέφη
490 2032 594 2092 δούναι
624 2032 742 2109 τρέφειν
767 2033 942 2106 Κορινθίων
960 2033 1090 2130 βασιλεῖ

125 2115 264 2215 Κρέοντι,
289 2117 340 2176 καί
361 2140 416 2194 την
436 2113 491 2194 μὲν
513 2113 678 2219 Τισιφόνην
704 2116 912 2195 διενεγκοῦσαν
937 2107 1085 2214 εὐμορφία

123 2191 183 2261 ὐπό
199 2223 251 2278 της
266 2199 411 2301 Κρέοντος
426 2195 568 2299 γυναικὸς
588 2194 851 2301 ὐπεμποληθηναι,
866 2190 1081 2272 δεδοικυίας
1043 2222 1085 2278 μη

124 2283 227 2386 Κρέων
242 2278 338 2362 αὐτην
351 2307 483 2392 γαμετην
497 2304 667 2384 ποιησηται.
693 2279 745 2345 τόν
761 2283 793 2345 δὲ
804 2276 1032 2360 Ἀλκμαίωνα,’
1015 2304 1084 2363 αγο-

124 2367 253 2468 96662166
267 2367 377 2448 ταύτην
392 2369 470 2470 έχειγ
485 2362 541 2430 οὐκ
556 2360 697 2431 εἰδότα
666 2393 722 2447 την
737 2366 844 2429 ἑαυτοῦ
864 2368 1016 2467 θυγατέρα
1030 2374 1085 2428 θε-

124 2448 290 2558 ρόπαιναγ,
312 2449 553 2559 παραγενόμενον
580 2454 611 2516 δὲ
634 2454 674 2526 είς
695 2448 851 2530 Κόρινθον
870 2453 917 2513 ἐπὶ
942 2475 999 2529 την
1025 2453 1085 2513 τῶν

123 2536 235 2598 τέκνων
249 2527 407 2641 ἆπαίτησιν
422 2537 473 2599 καὶ
488 2531 541 2599 τόν
555 2531 622 2600 υίὸν
636 2560 692 2615 κομ
695 2542 828 2599 ίσ.ασθαι
848 2560 899 2598 και
890 2528 1086 2640 ’Ἀμφίλοχος

124 2613 199 2682 κατὰ
212 2616 361 2701 χρησμούς
372 2616 556 2695 ’Λπόλλωνος
566 2615 778 2701 Ἀμφιλοχικὸν
785 2616 926 2701 Ἀργος’
908 2618 1033 2707 φ’κησεν.

187 2710 262 2767 Haud
290 2729 377 2785 pauca
406 2713 558 2786 fragmenta
588 2715 677 2769 utrius
708 2714 764 2768 sint
798 2711 904 2768 fabulae
933 2715 1085 2781 nescimus3

123 2794 248 2870 plerique
270 2798 340 2852 enim
362 2807 489 2854 auctores
511 2797 672 2892 simpliciter
689 2781 876 2867 Ἀλκμαίωνα
900 2796 1032 2867 afferunt,
1059 2803 1086 2850 οι

122 2881 242 2937 fortasse
257 2868 336 2937 illa‘
321 2896 337 2935 ο
353 2867 403 2936 διὰ
421 2876 566 2954 Ψωφιδος
587 2890 615 2937 et
636 2897 651 2935 ο
641 2867 717 2935 (διὰ
732 2876 888 2955 Κορίνθου
902 2880 1086 2954 grammaticis

122 2964 268 3036 debemur,
283 2981 338 3020 non
353 2974 459 3038 poetae.

584 3111 625 3176 66

226 3213 297 3303 ἥκω
316 3213 349 3286 δ’
368 3214 486 3305 ιἰτευης
510 3213 569 3287 ὐπ’
589 3230 691 3288 οίκων

192 3446 283 3513 ⁸)cf.
303 3449 429 3498 Clemens
447 3451 524 3500 Alex.
543 3449 641 3500 Strom.
662 3451 719 3528 Ip
740 3451 803 3500 399·
829 3447 977 3513 Τειρεσίας
1000 3465 1030 3501 τε
1048 3433 1086 3500 αὐ

122 3533 173 3568 και
192 3508 335 3568 Μαντεὸέ
337 3533 354 3566 ν
372 3509 492 3583 Θήβαις,
513 3509 549 3576 ὡς
563 3516 653 3583 φησίν
666 3510 839 3582 Εὐριπίδης.
