2408 3862
412 215 782 269 FABVLARVMFRAGM.
1018 211 1082 280 253

219 385 308 476 τήκει
327 384 487 457 τάλαιναν
504 393 647 474 καρδίαν
663 385 819 480 ὀρρωδίᾳ,

211 496 255 557 τί
270 491 367 557 τοῦτο
387 486 428 572 δὴ
446 484 481 557 τό
499 485 658 576 χρηστόν;
676 486 738 558 οὐκ
756 484 855 575 ἀρκεῖ
869 493 949 577 μίαν

220 588 331 677 ψυχὴν
348 585 464 658 ἀλύειν
482 584 562 657 κᾶπλ
580 586 654 678 τῇδ’
677 595 764 677 ἔχειν
781 587 923 673 πόνους;

183 705 305 761 Clemens
322 704 397 761 Alex
413 704 651 779 str.111p.520.
673 696 1043 783 λέγειγαρὴτραγῳδία
1050 691 1082 759 τό

120 776 215 862 μὴ-
232 781 368 855 πόνους.
397 787 533 882 Euripidis
547 805 608 844 esse
629 787 721 844 locum
734 790 814 846 docet
829 788 905 846 Stob.
920 789 992 845 iiior.
1011 788 1082 861 120,

124 873 176 929 17:
194 860 370 970 Εὗριπίδομ.
399 859 449 926 ετό
470 857 569 968 μὴ
582 863 723 946 βροτοός’
740 872 792 943 (vs.
808 868 845 950 1).
874 890 914 929 νε.
932 869 1082 948 Ιβροτοῖς

120 956 221 1014 malim.
251 974 289 1013 vs.
305 956 323 1014 3
339 945 486 1031 αφρονας]
503 945 628 1029 όρσενας
643 956 787 1028 Madwig.

222 1204 383 1296 οὐδεμίαν
401 1205 508 1295 ὤνησε
525 1205 644 1289 κάλλος
663 1213 710 1289 είς
728 1207 828 1278 πόσιν
845 1205 1019 1298 ξυνάορον,

215 1301 323 1396 ’ἁρετὴ
345 1307 372 1376 δ’
394 1305 503 1396 όόνησε
520 1307 657 1390 πολλός·
677 1315 768 1378 πᾶσα
785 1306 847 1399 γὰρ
866 1306 977 1396 ἀγαθὴ
995 1305 1082 1396 γυνὴ

222 1406 291 1498 ἥτις
309 1406 410 1497 όνδρὶ
427 1413 607 1497 σνντίτηκε
626 1415 816 1500 σοι’φρονεῖυ
835 1413 1013 1479 ἐπίσταται.

223 1513 336 1599 πρώτα
360 1512 422 1598 μέν
445 1536 484 1598 γε
507 1508 603 1582 τοῦθ’
629 1510 786 1602 ὑπάρχει·
810 1505 874 1580 κόν
896 1500 1083 1601 όίμορφοςῇ

827 1610 934 1700 πόσις,

224 1711 285 1799 χρὴ
305 1718 418 1782 δοκεῖν
443 1709 611 1802 εὔμορφον
635 1711 721 1782 εἶναι
738 1715 779 1802 τῇ
801 1738 840 1799 γε
862 1715 945 1782 νοῦν
967 1739 1081 1800 κεκτη-

697 1824 702 1836 '
827 1813 927 1902 μόνῃ
1067 1833 1083 1881 5

223 1909 263 1979 οὐ
253 1911 344 2031 γὰρ
363 1909 537 2001 ὀφθαλμός
555 1941 589 1982 το
581 1910 757 1999 κρίνειν.
771 1915 884 1982 ,ἐστὶν
897 1907 981 1981 ἄλλα
993 1914 1082 1992 νοός.

225 2037 264 2080 ευ
253 2000 457 2101 λέγειν,
410 2011 441 2080 δ’
476 2009 557 2082 ὅταν
574 2040 604 2080 τι
623 2015 710 2101 λε’ξη,
729 2011 791 2102 χρὴ
811 2017 902 2082 δοκεῖ
889 2028 938 2099 ῖ,υ
958 2008 1020 2081 κᾶν
1037 2008 1082 2100 μή

94 2186 102 2200 .
450 2150 453 2155 ’
830 2116 922 2203 miii

98 2246 103 2257 ι
225 2210 405 2283 κόκπονεῖν
432 2209 475 2282 δν
503 2215 550 2304 τῷ
580 2211 712 2295 ξυνόντι
742 2210 823 2303 πρὸς
853 2213 951 2303 χάριν
979 2215 1083 2302 μέλλῃ

830 2317 947 2401 λέγειν.

224 2412 291 2500 ἡδὺ
314 2409 360 2499 δ’,
389 2407 432 2500 ἦν
455 2413 557 2482 κακδυ
586 2410 681 2502 πίθῃ
705 2441 753 2500 τι,
785 2411 1081 2504 σνσκνθροιπόζειι

491 2507 492 2510 “
829 2513 925 2585 πόσει
1097 2516 1099 2520 ”

225 2611 345 2703 όιλοχον
381 2617 418 2684 ἐν
448 2618 550 2707 κοινῷ
579 2642 614 2684 τε
644 2613 750 2702 λύπης
780 2611 903 2704 ἡδονῆς
933 2613 962 2685 τ’
997 2623 1085 2705 ἔχειν

830 2720 929 2807 μέρος
944 2768 952 2783 .
967 2773 997 2788 ..
1053 2736 1085 2788 10
1169 2771 1172 2776 ·

226 2817 278 2884 σοὶ
297 2812 324 2884 δ
344 2821 446 2903 ἔγωγε
464 2817 520 2885 καὶ
537 2823 692 2888 νοσοῦντι
709 2815 907 2888 σνννοσοῦσ’
927 2814 1083 2906 ἀνέξομαι

225 2918 281 2984 καλ
298 2921 410 2986 κακῶν
432 2921 500 2988 ταν
518 2924 588 2988 σῶν
605 2920 767 3007 ξυνοίσω,
790 2916 913 2988 κούδέν
937 2920 1009 2987 ἐστί
1026 2945 1085 3007 μοι

831 3016 960 3106 πικρόν.

225 3117 307 3206 μετὰ
323 3117 386 3205 γὰρ
402 3175 408 3187 .
424 3171 432 3188 .
450 3121 517 3189 τῶν
534 3127 644 3207 φίλων
663 3176 669 3189 .
686 3173 692 3187 .
708 3175 714 3188 .
781 3115 934 3208 εὐτυχεῖν

227 3225 406 3307 δυστυχεῖν
428 3246 464 3289 τε
494 3217 571 3310 χρήῖ
603 3227 638 3290 τί
659 3216 722 3308 γὰρ
748 3218 789 3308 δὴ
813 3218 849 3289 τὸ
879 3225 980 3307 φίλου
1004 3216 1086 3289 ἄλλο

831 3318 919 3408 πλὴν
935 3319 1028 3406 πόδες

188 3437 311 3494 Clemens
330 3437 404 3494 Alex.
424 3437 525 3494 Sirom.
548 3437 580 3491 {V
604 3454 630 3511 p.
657 3438 725 3496 620
745 3454 800 3511 sip:
826 3433 998 3552 φίλανδρον
1013 3425 1085 3532 μετόι

124 3513 299 3594 σεμνότητος
313 3510 482 3598 ὑπογράφει
496 3521 626 3598 γυναῖκα
637 3511 803 3598 Εὐριπίδης
818 3539 973 3599 παραιναυ
987 3508 1086 3578 ευλυ-
