2408 3862
468 156 739 211 ΠΡΩΤΕΣΙΔΑΟΣ

575 325 637 391 655

222 433 335 505 κοινδν
352 432 415 524 γὰρ
434 433 518 504 είναι
536 436 620 523 χρῆν
637 447 829 520 γυναικεῖον
847 432 948 523 λέχος.

184 553 307 609 Clemens
322 551 394 607 Alex
411 550 511 607 Strom
529 551 609 643 le
627 549 703 612 751:
729 538 891 618 Πλατωνος
906 566 936 605 τε
952 541 984 604 ἕν
999 550 1084 605 πολι

118 633 183 714 τεία
197 627 329 704 εἰπόντος
343 621 444 701 ποινὰς
457 619 575 689 είναι
542 651 593 701 τας
606 635 760 707 γυναῖκας,
774 619 943 712 Εὐριπίδης
957 626 989 690 ἐν
996 632 1087 711 Πρω·

118 693 244 800 τεσιλοίιμ
258 711 366 796 γράφει
383 705 561 774 ποινδν-
575 711 681 792 λέχοςζ

574 861 636 927 656

223 978 320 1042 δυοῖν
337 967 518 1059 λεγόντοιν,
535 971 680 1058 θατέρου
697 970 925 1060 θυμουμένου,

222 1068 240 1142 6
258 1073 302 1161 μὴ
320 1070 515 1142 ἀντιτείνων
532 1085 600 1151 τοῖς
618 1068 726 1158 λόγοις
744 1070 941 1161 σοφώτερος.

185 1190 261 1247 Stob.
275 1190 348 1246 Flor.
366 1189 416 1260 19,
431 1189 460 1246 3.
476 1188 584 1244 eosdem
600 1205 694 1245 versus
709 1188 808 1245 hahent
824 1188 899 1246 stoh.
916 1189 987 1245 Flor.
1003 1188 1085 1262 5,18

121 1282 151 1330 et
165 1275 237 1330 Plut.
254 1274 319 1330 Mor.
335 1291 362 1348 p.
379 1273 419 1331 10
433 1275 464 1328 Α.
575 1349 637 1414 657

222 1455 284 1529 οὐκ
301 1452 344 1526 δν
362 1464 524 1547 προδοίην
537 1463 656 1548 καίπερ
674 1454 804 1547 ἄψυχον
821 1487 846 1548 φ
849 1463 930 1528 ί.λον

184 1575 231 1632 Dio
246 1576 385 1670 chrysost.
402 1575 451 1637 37,
466 1574 522 1631 46:
546 1565 604 1648 ἐγώ
618 1567 650 1630 δὲ
664 1559 739 1629 αατδ
755 1562 810 1649 τὴν
820 1566 991 1651 Εὐριπίδου
1004 1576 1087 1631 Λαο·

122 1651 272 1734 δοίμειαν
280 1649 335 1714 οὐκ
350 1644 442 1713 ἆν-
458 1652 574 1730 φίλον’.

573 1751 634 1816 658

224 1859 312 1941 ὅστις
331 1860 368 1929 δὲ
386 1856 493 1939 πάσας
512 1861 683 1939 συντιθείς
701 1861 794 1948 ψέγει
812 1857 899 1953 λόγῳ

224 1977 386 2049 γυναῖκας
405 1962 489 2046 ἑξῆς,
509 1957 622 2040 σκαιός
641 1963 708 2029 ἐστι
726 1959 786 2029 κού
805 1960 921 2047 σοφός·

222 2067 356 2153 πολλῶν
374 2059 436 2149 γδιρ
455 2056 567 2130 οὐσῶν
584 2057 645 2146 τὴν
662 2060 724 2148 μὲν
743 2057 890 2150 εὑρήσεις
908 2060 1030 2151 κακήν,

224 2160 286 2249 τὴν
305 2159 333 2230 δ
355 2159 466 2251 ὥσπερ
484 2155 569 2247 αὕτη
587 2155 659 2249 λῆμ’
679 2168 820 2249 ἔχουσαν
838 2156 980 2250 εὐγενές.

185 2277 261 2336 stoh.
274 2278 346 2334 Flor.
363 2278 414 2350 69,
431 2278 458 2334 9.

451 2440 744 2495 ΡΑΔΑΜΑΝΘΤΣ

185 2547 295 2604 Veteres
315 2546 403 2603 critici
424 2549 545 2620 spuriam
564 2549 633 2603 hanc
650 2547 766 2603 fabulam
782 2546 913 2606 iudicasse
928 2548 1008 2604 docet
1023 2548 1083 2604 Vita

120 2632 214 2704 Eurip.
230 2650 256 2705 p.
275 2630 345 2697 135,
362 2631 412 2688 33.
438 2631 472 2687 de
487 2639 647 2705 argumento
664 2633 752 2687 omnia
768 2633 870 2688 incerta
885 2640 958 2688 sunt
980 2631 1085 2689 Preller

122 2717 174 2770 huc
194 2715 367 2808 referepdum
387 2717 542 2809 suspicatur
565 2715 656 2809 Epigr.
677 2715 764 2789 Cyzic.
782 2714 890 2772 Anthol.
906 2716 960 2772 Pal.
977 2716 1007 2788 3,
1025 2717 1083 2773 13:

117 2783 291 2889 Ἀλιιίδας“
278 2815 293 2854 ο
320 2787 437 2874 δρασδς
455 2785 662 2873 Ῥαδαμάνδυλ
676 2793 787 2876 ματέρα
807 2790 895 2855 τάνδε
913 2758 1086 2874 Ἀλκμήναν

121 2866 205 2937 ὅσιον
220 2870 293 2958 πρὸς
309 2876 389 2957 λέχος
404 2875 525 2952 ἐξέδοτο.

576 2994 638 3059 659
749 3001 754 3012 ‘

221 3105 312 3173 οἳ
271 3131 335 3190 γην
353 3097 459 3190 ἔχοντ’
479 3097 631 3189 Εὐβοῖδα
647 3098 844 3192 πρόσχωρον
860 3099 959 3171 πόλιν

185 3219 342 3275 strab.vl1{
357 3238 383 3292 p
401 3218 476 3276 356:
497 3214 696 3314 Στησίχορον
693 3211 724 3274 δὲ
739 3218 839 3316 πμλειν
854 3209 941 3273 πόλιν
956 3202 1013 3288 τὴν
1027 3209 1085 3291 χιό·

121 3319 177 3374 ραν
193 3299 294 3357 Πίσαν
310 3296 485 3399 λεγομένην,
502 3289 540 3370 ὡς
556 3290 572 3357 6
588 3290 715 3373 ποιητής
730 3292 784 3374 τὴν
800 3305 829 3359 Λ
830 3295 915 3375 ἕσβον
927 3291 1084 3415 Μάκαρος

121 3378 224 3458 πόλιν,
194 3374 523 3529 Ev’pml6pgd’v
492 3379 523 3441 ἐν
534 3375 674 3443 Ἵωνι-
693 3379 743 3440 καί
766 3378 797 3442 ἐν
807 3373 1042 3462 Ῥαδαμάνθυϊ
1052 3381 1085 3440 οἳ

120 3467 232 3547 γῆν-
249 3489 287 3528 πο
307 3471 355 3526 ιν’
