2408 3862
412 210 637 264 FABVLARVM
648 208 782 261 FRAGM.
1016 205 1078 272 257

120 373 340 456 Εὐριπίδης*
347 376 418 460 νικᾷ
440 374 471 437 δὲ
494 377 576 479 χρειω
596 400 617 453 μ
648 400 667 454 η
688 370 871 475 ταλαιπωρος
891 373 923 436 τί
945 396 1004 453 μον
1029 397 1080 456 ηα-

120 459 221 544 στήρ’
251 436 504 539 ταλαιπωρότερον
519 455 633 522 οὐδέν’
621 477 682 521 εστι
696 452 752 540 γόιρ
768 457 902 540 γαστρός.

222 726 248 804 ὦ
266 733 476 823 πολύμοχθος
494 734 587 821 βιοτὴ
604 745 755 822 θνητοῖς,

223 835 267 916 ὡς
286 838 340 906 ἐπὶ
358 837 457 904 παντὶ
476 833 626 922 σφαλερὰ
644 851 763 922 κεῖσαι,

223 939 278 1006 καλ
295 936 334 1005 τολ
352 937 414 1023 μὲν
432 932 552 1023 αὔξεις,
570 935 609 1004 τὰ
629 932 659 1002 δ’
680 931 947 1022 ἄποφθινόθεις·

222 1033 304 1107 κούκ
321 1042 411 1106 ἔστιν
427 1035 503 1125 ὅρος
521 1043 672 1124 κείμενος
689 1032 800 1116 οὐδεὶς

224 1144 270 1219 είς
287 1133 403 1207 ὅντινα
420 1135 481 1227 χρὴ
499 1141 629 1207 τελέσαι
645 1148 794 1225 θνητοῖς,
997 1154 1015 1208 5

222 1237 311 1326 πλὴν
328 1235 409 1307 ὅταν
427 1244 510 1327 ἔλθη
529 1235 652 1326 κραερολ
670 1235 799 1308 Διόθεν

223 1336 374 1408 θανατον
391 1349 583 1426 πεμφθεισα
599 1337 744 1427 τελευτή.

185 1458 306 1512 Clemens
321 1456 395 1513 Alex.
412 1455 512 1512 Strom
527 1455 559 1510 VI
572 1473 599 1529 p
609 1455 684 1512 744:
700 1439 791 1524 αὖθις
805 1445 923 1571 Ειόριπί
907 1450 971 1553 ίιλορ
985 1445 1081 1511 εἰπόν-

123 1542 196 1608 τος
206 1560 228 1597 ω
218 1528 484 1614 πολόμοχθος-
444 1528 630 1612 -τελεντή’
649 1536 775 1613 Δίφιλος
789 1531 898 1616 γράφει
913 1542 987 1596 ονκ
1003 1535 1080 1597 ξ”στι

124 1619 182 1681 κιὲ.
212 1643 250 1681 vs
267 1619 434 1700 ὅθνητοός
449 1625 570 1681 Grotius.
942 1662 945 1667 .

574 1786 636 1850 909

475 1889 548 1963 ὅσοι
567 1891 599 1961 δ’
622 1879 788 1981 ίατρεύειν
806 1897 913 1975 καλοῖς

225 1991 307 2115 πρὸς
323 1992 381 2074 τὰς
399 2000 527 2074 διαίτας
544 1999 610 2063 των
630 1992 849 2065 ἐνοικούντων
867 1995 966 2064 πόλιν

225 2093 286 2182 τὴν
302 2099 367 2182 γῆν
384 2091 414 2162 τ’
435 2091 579 2181 ἰδόντας,
596 2091 653 2174 τὰς
669 2092 791 2174 νόσους
809 2113 947 2165 σκοπεῖν
965 2093 1081 2184 χρεων.

187 2228 309 2283 Clemens
332 2228 404 2283 Alex.
426 2229 526 2285 strom.
549 2226 627 2328 7Ιμ.
649 2228 723 2328 749:
743 2214 817 2283 αλλα
836 2245 888 2282 και
908 2224 961 2283 τοῦ
980 2223 1084 2301 ἰατροῦ

121 2299 333 2410 Ἱπποκρατορς
356 2305 543 2406 εἐπιβλέπειν
567 2309 624 2368 οὐν
650 2305 701 2366 καὶ
726 2299 807 2386 ὥρην
830 2305 882 2366 καὶ
905 2329 1006 2385 χωρην
1032 2305 1083 2366 καλ

124 2384 245 2467 ἡλικίην
265 2389 315 2451 καὶ
340 2386 480 2463 νοόσονς’
506 2410 685 2533 γραφοντοςί
691 2387 793 2468 Επλριπ
794 2390 858 2468 ίόης
882 2387 970 2464 ἒνὲξ
940 2388 1084 2510 ἑξαμέτρῳ

125 2469 244 2553 τηρήσει
278 2468 388 2551 (χρήσει
415 2478 579 2552 Ηειοελεολι.)
610 2476 701 2553 φησίν
734 2469 937 2535 ’όσοιδἎ-
897 2473 1083 2554 -χρεων’.

66 2582 67 2585 ’
125 2564 341 2638 Bellerophontis
357 2580 417 2621 esse
432 2565 522 2621 locum
537 2565 655 2620 coniecit
670 2564 792 2621 Gataker.

226 2831 307 2922 πρός
324 2832 424 2904 ταῦθ’
448 2830 467 2904 ό
483 2862 515 2903 τι
533 2831 594 2923 χρὴ
613 2836 667 2902 καὶ
684 2832 895 2921 παλαμάσθω

228 2937 282 3003 καὶ
300 2939 368 3004 πᾶν
386 2930 433 3004 ἐπ’
455 2937 526 3021 ἐμοὶ
543 2937 781 3005 τεκταινέσθω·

226 3035 262 3104 τὸ
279 3034 343 3126 γὰρ
362 3024 400 3104 εὖ
415 3033 481 3124 μετ’
502 3039 582 3124 ἐμοῦ

227 3138 283 3205 καλ
301 3134 337 3205 τό
357 3142 487 3206 δίκαιον
505 3134 678 3225 σύμμαχον
696 3142 799 3223 ἔσται,

226 3234 287 3306 κοό
305 3235 350 3325 μή
367 3236 450 3306 ποθ’
469 3231 538 3305 ἅλω
556 3235 640 3306 κακοὶ
658 3234 827 3324 πράσσων
981 3255 999 3308 5

189 3355 311 3411 Clemens
326 3355 398 3411 Alex.
416 3355 514 3411 Strom.
530 3354 562 3409 71
582 3372 607 3426 p
626 3354 701 3411 797:
723 3350 776 3408 καί
794 3369 845 3449 μοι
866 3346 945 3409 δοκω
965 3369 1086 3427 κομπω-

128 3433 248 3505 όονς
217 3457 270 3512 μεν
291 3429 368 3494 εἶναι
387 3443 488 3533 ψυχῆς
507 3428 658 3511 καύχημα,
679 3424 758 3510 πλην
777 3423 1004 3552 ενσυνειδήτρν,
1025 3432 1087 3493 ἐπι-

126 3517 313 3597 φθέγγεσθαι
329 3523 390 3590 τοῖς
404 3541 479 3579 κατα
469 3510 664 3597 περίστασιν
678 3518 905 3597 συμβαίνουσι
910 3510 985 3600 πρός
999 3506 1087 3578 ταῦθ’

179 3616 259 3659 Evnn’
273 3626 320 3658 vox«
345 3626 380 3659 111.
862 3623 895 3670 u
