2408 3862
477 161 730 214 ΡΑΔΑΜΑΝΘΤΣ

575 327 639 392 660

225 445 344 528 ἔρωτες
361 433 442 525 ἡμῖν
461 438 525 506 εἰσὶ
538 451 689 506 παντοῖοι
706 443 793 524 βίον.

223 534 243 607 δ
260 539 321 627 μὲν
339 536 401 627 γὰρ
421 532 592 625 εὐγένειαν
610 541 729 626 ίμείρει
741 545 881 625 λαβεῖν·

223 643 270 732 τῷ
290 635 318 707 δ’
337 634 411 726 οὐχὶ
428 636 548 708 τούτου
566 647 715 728 φροντίς,
733 635 817 706 άλλά
834 635 1016 728 χρημάτων

224 743 358 809 πολλῶν
375 743 558 827 κεκλῆσθαι
576 737 729 825 βούλεται
747 737 860 828 πάτωρ
880 739 1011 828 δόμοις·
1049 821 1053 825 ,

224 839 315 933 άλλῳ
333 836 366 908 δ’
386 837 518 930 άρέσκει
535 841 642 929 μηδὲν
658 837 751 926 ὑγιὲς
769 843 806 909 ἐκ
823 846 961 929 φρενῶν
1022 860 1040 910 5

224 943 353 1028 λέγοντι
371 948 504 1010 πείθειν
520 941 598 1022 τούς
616 943 716 1020 πέλας
733 938 837 1029 τόλμῃ
855 944 957 1030 κακῇ·

224 1049 258 1111 οἳ
274 1039 303 1111 δ’
325 1040 442 1131 αἰσχρά
460 1044 561 1130 κέρδη
579 1042 708 1126 πρόσθε
724 1045 784 1110 τοῦ
802 1045 904 1110 καλοῦ
925 1045 1060 1130 βροτῶν

224 1145 384 1230 ζητοῦσιν.
420 1138 508 1212 οὕτω
526 1150 636 1228 βίοτος
654 1138 847 1227 άνθριόπων
864 1138 984 1228 πλάνη.

226 1242 290 1329 ἐνῶ
311 1243 346 1312 δὲ
363 1240 490 1312 τούτων
507 1239 648 1323 οὐδενός
665 1241 773 1364 χρῄζω
791 1259 916 1331 τυχεῖν,

225 1342 325 1423 δόξαν
343 1343 380 1411 δὲ
397 1339 616 1431 βουλοίμην
597 1372 639 1411 αν
658 1339 842 1423 εὐκλείας
826 1370 922 1432 εχειν.
1004 1362 1038 1413 10

187 1459 264 1515 stoh,
280 1460 337 1514 Eel.
355 1459 390 1530 2,
407 1459 436 1530 7,
460 1459 546 1533 12μ.
563 1459 639 1516 342:
669 1458 723 1515 τοῦ
742 1448 846 1516 αὐτοῦ.
871 1447 1031 1531 ἔρωτες
1014 1461 1091 1531 ημῖν

122 1573 163 1584 -
181 1530 353 1609 εόαλείας”
335 1541 442 1616 εχειν’.
474 1543 639 1600 81061101.
659 1542 707 1614 64,
726 1542 781 1600 24;
804 1532 973 1618 Εὐριπίδου
986 1532 1090 1601 Ῥαδά-

122 1627 252 1699 μανθυς.
272 1620 449 1696 ’ίρωτες-
410 1619 580 1698 -πλάνη’
597 1627 647 1699 (vs.
661 1627 762 1699 1-8).
786 1646 824 1683 vs.
836 1627 929 1682 4s1ne
941 1626 996 1683 fab
1010 1644 1088 1689 nom.

122 1711 202 1766 affert
221 1710 350 1767 Scholion
375 1711 437 1766 Eur
459 1711 502 1768 Or.
528 1712 618 1768 1197.
651 1702 754 1784 δόμοις
778 1711 854 1768 stob.
877 1711 949 1767 δίον.
953 1702 1090 1786 ,δόμων

122 1793 214 1850 δόλια]
230 1795 308 1867 Eur„
329 1783 389 1848 δ”
374 1813 453 1869 ομως
469 1794 545 1851 8101)
562 1795 617 1852 Ecl.

573 1941 634 2004 661

222 2045 388 2129 οὐδεὶς
351 2077 415 2138 γαρ
432 2043 552 2137 ἡμᾶς.
580 2045 829 2181 ἐξαιρήσεται.

183 2167 297 2223 Αοῑίοῑῑ.
314 2186 341 2241 p.
359 2167 410 2238 94,
427 2166 460 2222 1:
488 2155 693 2262 ἐξαιρεῐνάντι
709 2151 926 2266 τοῶάφαιρεῖν.
957 2151 1087 2259 Εὖριπί·

120 2244 174 2321 δης
189 2244 220 2306 δὲ
231 2208 462 2327 Ῥαδαμάνθυι·
472 2239 830 2326 ουδεὶς-ἒξαιρήσεται’,
845 2241 914 2304 άντὶ
929 2247 981 2305 τοῦ
992 2239 1088 2322 άφαι-

120 2325 251 2408 ρήσεται.

478 2414 730 2468 ΣΘΕΝΕΒΟῙΑ

182 2523 229 2577 Ar.
250 2522 317 2579 Ran
334 2521 415 2581 1043
437 2521 600 2595 Aeschylum
622 2520 754 2577 dicentem
776 2519 853 2576 facit·
887 2506 954 2575 ἀλλ’
982 2505 1018 2574 οὐ
1042 2507 1087 2592 μά

121 2590 172 2658 Δί
189 2621 225 2658 ον
215 2589 375 2676 ’Φαίδρας
389 2598 511 2659 ἐποίουν
525 2598 640 2678 πόρνας
654 2592 723 2659 οὐδὲ
733 2597 928 2676 Σθενεβοίας.
955 2601 1087 2661 Scholion

119 2688 200 2758 Greg.
217 2687 277 2743 Cor
294 2688 416 2744 ecodice
436 2688 554 2744 Μεδὶοοο
575 2689 697 2762 partim
689 2705 716 2743 ln
733 2688 812 2744 Rhet.
835 2687 887 2743 vol.
904 2687 921 2744 7
946 2706 973 2761 p.
991 2686 1086 2763 1321,

5 2839 11 2850 ι
119 2772 258 2864 integrum
280 2770 312 2826 ab
332 2771 473 2828 Welckero
489 2772 605 2843 Tragod.
627 2790 656 2862 p.
674 2771 734 2830 777
751 2772 867 2827 editum
894 2767 987 2827 ταῦτα
1007 2767 1086 2847 λέγει

119 2839 222 2946 Εόριπ
223 2846 316 2926 ίδηςὲ
317 2870 333 2905 v
349 2849 511 2931 Σθενεβοί
499 2875 519 2910 α
533 2872 575 2932 τῳ
563 2845 727 2956 δράματι
733 2843 902 2929 εἰσάγων
874 2872 926 2909 τον
941 2855 1085 2929 Βελλερο·

119 2928 250 3032 φόντην
249 2938 516 3034 γνωμολογοῦνια
545 2933 605 2994 ἔστι
628 2931 693 3010 δὲὴ
710 2930 858 3032 δμόθεσις
873 2928 957 3012 αὕτη.
987 2939 1084 3032 Προι-

118 3038 167 3089 τος
186 3020 228 3094 ἠν
240 3008 386 3096 ’Ἄβαντος
401 3012 484 3093 υἱός,
508 3009 671 3176 Ἀαρισίουξ
677 3017 708 3079 δὲ
722 3011 865 3095 άδελφός,
891 3010 1029 3097 βασιλεὺς
1050 3020 1085 3082 δὲ

120 3101 213 3181 Τιρυι
215 3107 279 3175 θος
300 3125 396 3182 γημας
407 3100 671 3181 δεΣθενεβοιαν
682 3097 774 3179 αὐτῆς
784 3101 921 3182 γεννησε
932 3102 1084 3186 παιδας*)

120 3239 323 3249 ——-—-

184 3285 355 3369 *)ΔμοΙΙοι1.
370 3291 394 3350 2,
413 3293 438 3345 2,
459 3292 488 3340 l:
506 3278 568 3342 δ’δὲ
587 3275 764 3375 (Proetus)
747 3305 874 3354 ηαεν
832 3285 874 3348 εί
886 3288 1000 3341 Λυκίαν
1012 3305 1084 3372 προς

115 3343 292 3432 Ῑοβάτην,ε
274 3373 312 3414 ως
324 3351 358 3408 δὲ
371 3352 448 3416 τινὲς
461 3355 539 3439 φμσί
545 3374 616 3423 προς
631 3348 836 3441 Ἀμφιάνακτα(
855 3355 904 3407 καί
923 3360 1015 3422 γαμεῖ
1028 3355 1083 3424 τὴν

117 3414 222 3472 τούτου
242 3417 427 3488 θννατὲρα“
409 3441 447 3484 ως
464 3421 516 3490 μὲν
526 3415 650 3492 Ομηρος
659 3419 795 3490 Αντειαν
815 3441 853 3483 ως
867 3419 900 3476 δὲ
913 3419 1084 3490 οίτραμικοὶ

117 3484 313 3554 Σθενέβοιαν.
