<?xml version="1.0" encoding="UTF-8"?>
<!DOCTYPE html PUBLIC "-//W3C//DTD XHTML 1.0 Transitional//EN"
    "http://www.w3.org/TR/xhtml1/DTD/xhtml1-transitional.dtd">
<html xmlns="http://www.w3.org/1999/xhtml" xml:lang="en" lang="en">
 <head>
  <title>
</title>
<meta http-equiv="Content-Type" content="text/html;charset=utf-8" />
  <meta name='ocr-system' content='tesseract 3.04.00' />
  <meta name='ocr-capabilities' content='ocr_page ocr_carea ocr_par ocr_line ocrx_word'/>
</head>
<body>
  <div class='ocr_page' id='page_1' title='image "./euripidistragoe04eurigoog_0081.png"; bbox 0 0 2408 3862; ppageno 0'>
   <div class='ocr_carea' id='block_1_1' title="bbox 124 154 692 221">
    <p class='ocr_par' dir='ltr' id='par_1_1' title="bbox 124 154 692 221">
     <span class='ocr_line' id='line_1_1' title="bbox 124 154 692 221; baseline -0.002 -10"><span class='ocrx_word' id='word_1_1' title='bbox 124 154 168 221; x_wconf 75' lang='grc'><em>50</em></span> <span class='ocrx_word' id='word_1_2' title='bbox 521 160 692 213; x_wconf 80' lang='grc' dir='ltr'><strong>ΑΝΤΙΟΠΗ</strong></span> 
     </span>
    </p>
   </div>
   <div class='ocr_carea' id='block_1_2' title="bbox 122 318 1092 811">
    <p class='ocr_par' dir='ltr' id='par_1_2' title="bbox 122 318 1092 809">
     <span class='ocr_line' id='line_1_2' title="bbox 189 318 1092 431; baseline 0.005 -44"><span class='ocrx_word' id='word_1_3' title='bbox 189 332 346 387; x_wconf 75' lang='lat' dir='ltr'>Ammonius</span> <span class='ocrx_word' id='word_1_4' title='bbox 362 331 452 388; x_wconf 83' lang='lat' dir='ltr'>Valck.</span> <span class='ocrx_word' id='word_1_5' title='bbox 468 350 494 407; x_wconf 90' lang='lat' dir='ltr'><em>p.</em></span> <span class='ocrx_word' id='word_1_6' title='bbox 512 332 567 390; x_wconf 78' lang='lat'><em>86:</em></span> <span class='ocrx_word' id='word_1_7' title='bbox 584 321 668 387; x_wconf 79' lang='grc' dir='ltr'><em>κύειν</em></span> <span class='ocrx_word' id='word_1_8' title='bbox 683 323 737 404; x_wconf 80' lang='grc' dir='ltr'><em>μὲν</em></span> <span class='ocrx_word' id='word_1_9' title='bbox 752 318 785 388; x_wconf 86' lang='grc' dir='ltr'><em>τὸ</em></span> <span class='ocrx_word' id='word_1_10' title='bbox 801 326 911 404; x_wconf 73' lang='grc' dir='ltr'><em>ἔγκυον</em></span> <span class='ocrx_word' id='word_1_11' title='bbox 926 321 1062 431; x_wconf 82' lang='grc' dir='ltr'><em>εἷναι,’</em></span> <span class='ocrx_word' id='word_1_12' title='bbox 1029 353 1092 391; x_wconf 83' lang='grc' dir='ltr'><em>τικ·</em></span> 
     </span>
     <span class='ocr_line' id='line_1_3' title="bbox 123 403 1089 513; baseline 0.004 -43"><span class='ocrx_word' id='word_1_13' title='bbox 123 431 186 510; x_wconf 84' lang='grc' dir='ltr'><em>τειγ</em></span> <span class='ocrx_word' id='word_1_14' title='bbox 207 404 288 471; x_wconf 81' lang='grc' dir='ltr'><em>δὲ</em></span> <span class='ocrx_word' id='word_1_15' title='bbox 260 433 293 469; x_wconf 93' lang='grc' dir='ltr'><em>το</em></span> <span class='ocrx_word' id='word_1_16' title='bbox 314 403 549 470; x_wconf 72' lang='grc' dir='ltr'><em>ἀπαλλάττεσθαι</em></span> <span class='ocrx_word' id='word_1_17' title='bbox 570 413 624 471; x_wconf 83' lang='grc' dir='ltr'><em>τοῦ</em></span> <span class='ocrx_word' id='word_1_18' title='bbox 644 407 740 475; x_wconf 75' lang='grc' dir='ltr'><em>κύειν</em></span> <span class='ocrx_word' id='word_1_19' title='bbox 752 410 947 513; x_wconf 78' lang='grc' dir='ltr'><em>Εὐριπίδνχς</em></span> <span class='ocrx_word' id='word_1_20' title='bbox 972 405 1028 473; x_wconf 77' lang='grc' dir='ltr'><em>ἐν’</em></span> <span class='ocrx_word' id='word_1_21' title='bbox 1025 420 1089 474; x_wconf 88' lang='grc' dir='ltr'><em>Αν-</em></span> 
     </span>
     <span class='ocr_line' id='line_1_4' title="bbox 123 484 1090 577; baseline 0.006 -23"><span class='ocrx_word' id='word_1_22' title='bbox 123 489 216 577; x_wconf 80' lang='grc' dir='ltr'><em>τιόπχ</em></span> <span class='ocrx_word' id='word_1_23' title='bbox 237 487 364 556; x_wconf 79' lang='grc' dir='ltr'><em>κύουσα</em></span> <span class='ocrx_word' id='word_1_24' title='bbox 385 495 489 556; x_wconf 84' lang='grc' dir='ltr'><em>τίκτοι’</em></span> <span class='ocrx_word' id='word_1_25' title='bbox 512 490 594 556; x_wconf 76' lang='grc' dir='ltr'><em>εἶπεν</em></span> <span class='ocrx_word' id='word_1_26' title='bbox 616 484 715 571; x_wconf 63' lang='grc' dir='ltr'><em>*ἡνίκ’</em></span> <span class='ocrx_word' id='word_1_27' title='bbox 743 486 859 576; x_wconf 84' lang='grc' dir='ltr'><em>ηγόμην</em></span> <span class='ocrx_word' id='word_1_28' title='bbox 886 494 1007 559; x_wconf 56' lang='lat' dir='ltr'><strong><em>noim&amp;</em></strong></span> <span class='ocrx_word' id='word_1_29' title='bbox 1043 504 1090 560; x_wconf 90' lang='lat' dir='ltr'><em>ubi</em></span> 
     </span>
     <span class='ocr_line' id='line_1_5' title="bbox 122 570 1089 699; baseline 0.006 -61"><span class='ocrx_word' id='word_1_30' title='bbox 122 570 262 639; x_wconf 87' lang='grc' dir='ltr'><em>τίκτωθ’</em></span> <span class='ocrx_word' id='word_1_31' title='bbox 285 592 312 640; x_wconf 84' lang='lat' dir='ltr'><em>et</em></span> <span class='ocrx_word' id='word_1_32' title='bbox 331 575 422 639; x_wconf 80' lang='grc' dir='ltr'><em>παλαι</em></span> <span class='ocrx_word' id='word_1_33' title='bbox 444 587 560 642; x_wconf 81' lang='lat' dir='ltr'>coniecit</span> <span class='ocrx_word' id='word_1_34' title='bbox 581 583 670 642; x_wconf 84' lang='lat' dir='ltr'>Valck.</span> <span class='ocrx_word' id='word_1_35' title='bbox 701 585 858 642; x_wconf 73' lang='lat' dir='ltr'><strong>Eustathius</strong></span> <span class='ocrx_word' id='word_1_36' title='bbox 880 585 928 642; x_wconf 86' lang='lat' dir='ltr'><em>Od.</em></span> <span class='ocrx_word' id='word_1_37' title='bbox 923 605 977 699; x_wconf 92' lang='lat' dir='ltr'><em>p.</em></span> <span class='ocrx_word' id='word_1_38' title='bbox 996 587 1089 682; x_wconf 81' lang='grc'>1799,</span> 
     </span>
     <span class='ocr_line' id='line_1_6' title="bbox 124 656 1090 746; baseline 0 -22"><span class='ocrx_word' id='word_1_39' title='bbox 124 667 180 724; x_wconf 82' lang='lat'><em>54:</em></span> <span class='ocrx_word' id='word_1_40' title='bbox 202 662 252 723; x_wconf 84' lang='grc' dir='ltr'><em>καὶ</em></span> <span class='ocrx_word' id='word_1_41' title='bbox 269 662 387 746; x_wconf 83' lang='grc' dir='ltr'><em>φέρεται</em></span> <span class='ocrx_word' id='word_1_42' title='bbox 404 664 444 736; x_wconf 82' lang='grc' dir='ltr'><em>εἰς</em></span> <span class='ocrx_word' id='word_1_43' title='bbox 461 666 545 724; x_wconf 81' lang='grc' dir='ltr'><em>τοῦτο</em></span> <span class='ocrx_word' id='word_1_44' title='bbox 560 665 663 745; x_wconf 80' lang='grc' dir='ltr'><em>χρῆσις</em></span> <span class='ocrx_word' id='word_1_45' title='bbox 687 657 735 738; x_wconf 80' lang='grc' dir='ltr'><em>ἐξ’</em></span> <span class='ocrx_word' id='word_1_46' title='bbox 731 661 884 744; x_wconf 84' lang='grc' dir='ltr'><em>Αντιόπης</em></span> <span class='ocrx_word' id='word_1_47' title='bbox 900 656 933 725; x_wconf 79' lang='grc' dir='ltr'><em>τὸ</em></span> <span class='ocrx_word' id='word_1_48' title='bbox 955 662 1090 726; x_wconf 75' lang='grc' dir='ltr'><em>κύουσα</em></span> 
     </span>
     <span class='ocr_line' id='line_1_7' title="bbox 122 749 251 811; baseline 0.02 -4"><span class='ocrx_word' id='word_1_49' title='bbox 122 749 251 811; x_wconf 77' lang='grc' dir='ltr'><em>κί’κτον.</em></span> 
     </span>
    </p>
   </div>
   <div class='ocr_carea' id='block_1_3' title="bbox 226 898 1084 1296">
    <p class='ocr_par' dir='ltr' id='par_1_3' title="bbox 226 898 1076 1296">
     <span class='ocr_line' id='line_1_8' title="bbox 574 898 635 962; baseline 0 0"><span class='ocrx_word' id='word_1_50' title='bbox 574 898 635 962; x_wconf 88' lang='grc'><em>207</em></span> 
     </span>
     <span class='ocr_line' id='line_1_9' title="bbox 226 1000 940 1095; baseline -0.003 -19"><span class='ocrx_word' id='word_1_51' title='bbox 226 1013 257 1076; x_wconf 84' lang='grc' dir='ltr'><em>εί</em></span> <span class='ocrx_word' id='word_1_52' title='bbox 273 1002 301 1076; x_wconf 77' lang='grc' dir='ltr'><em>δ’</em></span> <span class='ocrx_word' id='word_1_53' title='bbox 321 1001 496 1095; x_wconf 79' lang='grc' dir='ltr'><em>ἠμελήθην</em></span> <span class='ocrx_word' id='word_1_54' title='bbox 516 1009 551 1074; x_wconf 85' lang='grc' dir='ltr'><em>ἐκ</em></span> <span class='ocrx_word' id='word_1_55' title='bbox 568 1009 661 1075; x_wconf 76' lang='grc' dir='ltr'><em>θεῶν</em></span> <span class='ocrx_word' id='word_1_56' title='bbox 679 1008 734 1074; x_wconf 85' lang='grc' dir='ltr'><em>καλ</em></span> <span class='ocrx_word' id='word_1_57' title='bbox 752 1000 841 1074; x_wconf 81' lang='grc' dir='ltr'><em>παῖδ’</em></span> <span class='ocrx_word' id='word_1_58' title='bbox 863 1005 940 1092; x_wconf 69' lang='grc' dir='ltr'><em>ἐμοί,</em></span> 
     </span>
     <span class='ocr_line' id='line_1_10' title="bbox 226 1106 997 1230; baseline 0.001 -54"><span class='ocrx_word' id='word_1_59' title='bbox 226 1114 291 1194; x_wconf 80' lang='grc' dir='ltr'><em>ἔχει</em></span> <span class='ocrx_word' id='word_1_60' title='bbox 310 1106 409 1193; x_wconf 84' lang='grc' dir='ltr'><em>λόγον</em></span> <span class='ocrx_word' id='word_1_61' title='bbox 427 1109 482 1176; x_wconf 86' lang='grc' dir='ltr'><em>καὶ</em></span> <span class='ocrx_word' id='word_1_62' title='bbox 500 1113 612 1175; x_wconf 79' lang='grc' dir='ltr'><em>τοῦτο·</em></span> <span class='ocrx_word' id='word_1_63' title='bbox 632 1109 698 1174; x_wconf 73' lang='grc' dir='ltr'><em>τολν</em></span> <span class='ocrx_word' id='word_1_64' title='bbox 716 1109 848 1174; x_wconf 72' lang='grc' dir='ltr'><em>πολλῶν</em></span> <span class='ocrx_word' id='word_1_65' title='bbox 866 1111 997 1230; x_wconf 70' lang='grc' dir='ltr'><em>βροτρὶν</em></span> 
     </span>
     <span class='ocr_line' id='line_1_11' title="bbox 226 1203 1084 1296; baseline 0.005 -22"><span class='ocrx_word' id='word_1_66' title='bbox 226 1213 279 1274; x_wconf 79' lang='grc' dir='ltr'><em>δεῖ</em></span> <span class='ocrx_word' id='word_1_67' title='bbox 295 1206 372 1287; x_wconf 81' lang='grc' dir='ltr'><em>τούς</em></span> <span class='ocrx_word' id='word_1_68' title='bbox 389 1235 450 1294; x_wconf 90' lang='grc' dir='ltr'><em>μευ</em></span> <span class='ocrx_word' id='word_1_69' title='bbox 469 1205 555 1275; x_wconf 81' lang='grc' dir='ltr'><em>εἶναι</em></span> <span class='ocrx_word' id='word_1_70' title='bbox 574 1211 764 1294; x_wconf 77' lang='grc' dir='ltr'><em>δυστυχεῖς,</em></span> <span class='ocrx_word' id='word_1_71' title='bbox 781 1205 858 1287; x_wconf 80' lang='grc' dir='ltr'><em>τοὺς</em></span> <span class='ocrx_word' id='word_1_72' title='bbox 878 1203 907 1274; x_wconf 78' lang='lat'><em>‹5&#39;</em></span> <span class='ocrx_word' id='word_1_73' title='bbox 927 1205 1084 1296; x_wconf 75' lang='grc' dir='ltr'><em>εὐτυχεῖς</em></span> 
     </span>
    </p>
   </div>
   <div class='ocr_carea' id='block_1_4' title="bbox 121 1307 1087 1562">
    <p class='ocr_par' dir='ltr' id='par_1_4' title="bbox 121 1307 1087 1548">
     <span class='ocr_line' id='line_1_12' title="bbox 186 1307 1087 1400; baseline 0.001 -21"><span class='ocrx_word' id='word_1_74' title='bbox 186 1323 417 1416; x_wconf 56' lang='grc'>5011110198,</span> <span class='ocrx_word' id='word_1_75' title='bbox 439 1323 493 1381; x_wconf 91' lang='lat'><em>38:</em></span> <span class='ocrx_word' id='word_1_76' title='bbox 516 1307 684 1396; x_wconf 73' lang='grc' dir='ltr'><em>Εὐριπίδου</em></span> <span class='ocrx_word' id='word_1_77' title='bbox 702 1310 909 1394; x_wconf 80' lang='grc' dir='ltr'><em>Ἀντιόπης</em></span> <span class='ocrx_word' id='word_1_78' title='bbox 920 1317 978 1398; x_wconf 74' lang='grc' dir='ltr'><em>ἔχει</em></span> <span class='ocrx_word' id='word_1_79' title='bbox 999 1316 1087 1400; x_wconf 92' lang='grc' dir='ltr'><em>λόγον</em></span> 
     </span>
     <span class='ocr_line' id='line_1_13' title="bbox 122 1393 1086 1502; baseline 0.003 -40"><span class='ocrx_word' id='word_1_80' title='bbox 122 1437 161 1450; x_wconf 92' lang='grc'><strong>-</strong></span> <span class='ocrx_word' id='word_1_81' title='bbox 179 1393 326 1480; x_wconf 78' lang='grc' dir='ltr'><em>εὐτυχεῐς’</em></span> <span class='ocrx_word' id='word_1_82' title='bbox 349 1402 401 1482; x_wconf 87' lang='lat' dir='ltr'>(vs.</span> <span class='ocrx_word' id='word_1_83' title='bbox 419 1406 437 1462; x_wconf 83' lang='lat'><strong>2</strong></span> <span class='ocrx_word' id='word_1_84' title='bbox 459 1416 487 1462; x_wconf 75' lang='lat' dir='ltr'><em>et</em></span> <span class='ocrx_word' id='word_1_85' title='bbox 502 1405 540 1480; x_wconf 84' lang='lat'><em>3).</em></span> <span class='ocrx_word' id='word_1_86' title='bbox 572 1408 681 1463; x_wconf 73' lang='lat' dir='ltr'>initium</span> <span class='ocrx_word' id='word_1_87' title='bbox 702 1409 760 1463; x_wconf 84' lang='lat' dir='ltr'>sine</span> <span class='ocrx_word' id='word_1_88' title='bbox 782 1415 879 1502; x_wconf 80' lang='lat' dir='ltr'>poetae</span> <span class='ocrx_word' id='word_1_89' title='bbox 900 1411 1009 1466; x_wconf 84' lang='lat' dir='ltr'>nomine</span> <span class='ocrx_word' id='word_1_90' title='bbox 1029 1427 1086 1465; x_wconf 86' lang='lat' dir='ltr'><strong>ser·</strong></span> 
     </span>
     <span class='ocr_line' id='line_1_14' title="bbox 121 1480 1084 1562; baseline -0.001 -15"><span class='ocrx_word' id='word_1_91' title='bbox 121 1493 194 1548; x_wconf 65' lang='lat' dir='ltr'><strong>vavi:</strong></span> <span class='ocrx_word' id='word_1_92' title='bbox 208 1493 310 1548; x_wconf 83' lang='lat' dir='ltr'>Marcus</span> <span class='ocrx_word' id='word_1_93' title='bbox 325 1492 478 1548; x_wconf 78' lang='lat' dir='ltr'><strong>Antoninus</strong></span> <span class='ocrx_word' id='word_1_94' title='bbox 495 1491 524 1562; x_wconf 83' lang='lat'><em>7,</em></span> <span class='ocrx_word' id='word_1_95' title='bbox 539 1490 579 1546; x_wconf 87' lang='grc'><em>41</em></span> <span class='ocrx_word' id='word_1_96' title='bbox 597 1501 623 1547; x_wconf 82' lang='grc' dir='ltr'><em>ελ</em></span> <span class='ocrx_word' id='word_1_97' title='bbox 637 1491 685 1562; x_wconf 93' lang='grc'><em>11,</em></span> <span class='ocrx_word' id='word_1_98' title='bbox 699 1491 733 1548; x_wconf 87' lang='lat'><em>6:</em></span> <span class='ocrx_word' id='word_1_99' title='bbox 750 1480 890 1546; x_wconf 51' lang='grc' dir='ltr'><em>1ἐίδ-</em></span> <span class='ocrx_word' id='word_1_100' title='bbox 851 1485 957 1546; x_wconf 84' lang='grc' dir='ltr'><em>-καλ</em></span> <span class='ocrx_word' id='word_1_101' title='bbox 973 1489 1084 1549; x_wconf 81' lang='grc' dir='ltr'><em>τοῦτο’.</em></span> 
     </span>
    </p>
   </div>
   <div class='ocr_carea' id='block_1_5' title="bbox 120 1575 1086 1733">
    <p class='ocr_par' dir='ltr' id='par_1_5' title="bbox 120 1575 1086 1733">
     <span class='ocr_line' id='line_1_15' title="bbox 120 1575 1086 1717; baseline 0.003 -86"><span class='ocrx_word' id='word_1_102' title='bbox 120 1593 168 1714; x_wconf 62' lang='lat' dir='ltr'><em>pp.</em></span> <span class='ocrx_word' id='word_1_103' title='bbox 183 1576 202 1714; x_wconf 60' lang='lat' dir='ltr'><em>lp</em></span> <span class='ocrx_word' id='word_1_104' title='bbox 229 1582 301 1717; x_wconf 56' lang='lat' dir='ltr'>extssap</span> <span class='ocrx_word' id='word_1_105' title='bbox 326 1578 353 1632; x_wconf 86' lang='lat' dir='ltr'><em>in</em></span> <span class='ocrx_word' id='word_1_106' title='bbox 375 1576 442 1632; x_wconf 81' lang='lat' dir='ltr'><em>Men</em></span> <span class='ocrx_word' id='word_1_107' title='bbox 468 1592 540 1631; x_wconf 87' lang='lat' dir='ltr'>mon.</span> <span class='ocrx_word' id='word_1_108' title='bbox 569 1575 638 1632; x_wconf 94' lang='grc'>125.</span> <span class='ocrx_word' id='word_1_109' title='bbox 666 1575 781 1631; x_wconf 84' lang='lat' dir='ltr'>eundem</span> <span class='ocrx_word' id='word_1_110' title='bbox 808 1575 920 1648; x_wconf 81' lang='lat' dir='ltr'>respicit</span> <span class='ocrx_word' id='word_1_111' title='bbox 946 1576 1086 1634; x_wconf 84' lang='lat' dir='ltr'><strong>Hierocles</strong></span> 
     </span>
     <span class='ocr_line' id='line_1_16' title="bbox 144 1661 311 1733; baseline 0 -18"><span class='ocrx_word' id='word_1_112' title='bbox 144 1661 204 1716; x_wconf 77' lang='lat' dir='ltr'>ais.</span> <span class='ocrx_word' id='word_1_113' title='bbox 219 1677 246 1733; x_wconf 93' lang='lat' dir='ltr'><em>p.</em></span> <span class='ocrx_word' id='word_1_114' title='bbox 305 1702 311 1715; x_wconf 88' lang='lat'>.</span> 
     </span>
    </p>
   </div>
   <div class='ocr_carea' id='block_1_6' title="bbox 573 1820 635 1884">
    <p class='ocr_par' dir='ltr' id='par_1_6' title="bbox 573 1820 635 1884">
     <span class='ocr_line' id='line_1_17' title="bbox 573 1820 635 1884; baseline 0.016 -1"><span class='ocrx_word' id='word_1_115' title='bbox 573 1820 635 1884; x_wconf 87' lang='grc'><em>208</em></span> 
     </span>
    </p>
   </div>
   <div class='ocr_carea' id='block_1_7' title="bbox 182 1923 1057 2218">
    <p class='ocr_par' dir='ltr' id='par_1_7' title="bbox 182 1923 1057 2218">
     <span class='ocr_line' id='line_1_18' title="bbox 222 1923 1057 2035; baseline 0.001 -38"><span class='ocrx_word' id='word_1_116' title='bbox 222 1923 263 1997; x_wconf 84' lang='lat'>06</span> <span class='ocrx_word' id='word_1_117' title='bbox 281 1936 502 2016; x_wconf 78' lang='grc' dir='ltr'><em>σωφρονίζειν</em></span> <span class='ocrx_word' id='word_1_118' title='bbox 521 1933 663 2016; x_wconf 78' lang='grc' dir='ltr'><em>ἔμαθον·</em></span> <span class='ocrx_word' id='word_1_119' title='bbox 692 1933 863 1997; x_wconf 77' lang='grc' dir='ltr'><em>αἰδεῖσθαι</em></span> <span class='ocrx_word' id='word_1_120' title='bbox 883 1929 920 1997; x_wconf 75' lang='grc' dir='ltr'><em>δὲ</em></span> <span class='ocrx_word' id='word_1_121' title='bbox 935 1926 1008 2018; x_wconf 80' lang='grc' dir='ltr'><em>χρή,</em></span> <span class='ocrx_word' id='word_1_122' title='bbox 1050 2020 1057 2035; x_wconf 36' lang='lat'><em>⁰</em></span> 
     </span>
     <span class='ocr_line' id='line_1_19' title="bbox 222 2026 967 2117; baseline 0.003 -21"><span class='ocrx_word' id='word_1_123' title='bbox 222 2026 334 2115; x_wconf 80' lang='grc' dir='ltr'><em>γύναι,</em></span> <span class='ocrx_word' id='word_1_124' title='bbox 352 2029 387 2098; x_wconf 83' lang='grc' dir='ltr'><strong><em>τό</em></strong></span> <span class='ocrx_word' id='word_1_125' title='bbox 407 2035 483 2097; x_wconf 90' lang='grc' dir='ltr'><em>λίαν</em></span> <span class='ocrx_word' id='word_1_126' title='bbox 502 2031 557 2097; x_wconf 84' lang='grc' dir='ltr'><em>καλ</em></span> <span class='ocrx_word' id='word_1_127' title='bbox 576 2026 808 2117; x_wconf 76' lang='grc' dir='ltr'><em>φυλάσσεσθαι</em></span> <span class='ocrx_word' id='word_1_128' title='bbox 826 2027 967 2116; x_wconf 85' lang='grc' dir='ltr'><em>φθόνον.</em></span> 
     </span>
     <span class='ocr_line' id='line_1_20' title="bbox 182 2143 483 2218; baseline -0.003 -16"><span class='ocrx_word' id='word_1_129' title='bbox 182 2143 258 2203; x_wconf 75' lang='lat' dir='ltr'>Stob.</span> <span class='ocrx_word' id='word_1_130' title='bbox 275 2146 347 2202; x_wconf 85' lang='lat' dir='ltr'>Flor.</span> <span class='ocrx_word' id='word_1_131' title='bbox 366 2144 416 2218; x_wconf 87' lang='grc'><em>74,</em></span> <span class='ocrx_word' id='word_1_132' title='bbox 434 2145 483 2203; x_wconf 89' lang='grc'><em>18.</em></span> 
     </span>
    </p>
   </div>
   <div class='ocr_carea' id='block_1_8' title="bbox 220 2308 1037 2709">
    <p class='ocr_par' dir='ltr' id='par_1_8' title="bbox 220 2308 1010 2706">
     <span class='ocr_line' id='line_1_21' title="bbox 568 2308 631 2372; baseline 0.016 -1"><span class='ocrx_word' id='word_1_133' title='bbox 568 2308 631 2372; x_wconf 89' lang='grc'><em>209</em></span> 
     </span>
     <span class='ocr_line' id='line_1_22' title="bbox 473 2410 866 2508; baseline -0.003 -23"><span class='ocrx_word' id='word_1_134' title='bbox 473 2410 552 2485; x_wconf 69' lang='grc' dir='ltr'><em>οὐδὲ</em></span> <span class='ocrx_word' id='word_1_135' title='bbox 570 2414 633 2505; x_wconf 82' lang='grc' dir='ltr'><em>γολρ</em></span> <span class='ocrx_word' id='word_1_136' title='bbox 652 2418 761 2508; x_wconf 80' lang='grc' dir='ltr'><em>λάθρᾳ</em></span> <span class='ocrx_word' id='word_1_137' title='bbox 780 2419 866 2486; x_wconf 78' lang='grc' dir='ltr'><em>δοκῶ</em></span> 
     </span>
     <span class='ocr_line' id='line_1_23' title="bbox 220 2512 948 2640; baseline 0.001 -55"><span class='ocrx_word' id='word_1_138' title='bbox 220 2516 329 2604; x_wconf 79' lang='grc' dir='ltr'><em>φωτὸς</em></span> <span class='ocrx_word' id='word_1_139' title='bbox 347 2514 535 2640; x_wconf 78' lang='grc' dir='ltr'><em>κακούργου</em></span> <span class='ocrx_word' id='word_1_140' title='bbox 552 2512 686 2635; x_wconf 82' lang='grc' dir='ltr'><em>σχήματ’</em></span> <span class='ocrx_word' id='word_1_141' title='bbox 708 2514 948 2606; x_wconf 78' lang='grc' dir='ltr'><em>ἐκμιμουμενον</em></span> 
     </span>
     <span class='ocr_line' id='line_1_24' title="bbox 220 2613 1037 2709; baseline 0.003 -25"><span class='ocrx_word' id='word_1_142' title='bbox 220 2618 272 2685; x_wconf 87' lang='grc' dir='ltr'><em>σολ</em></span> <span class='ocrx_word' id='word_1_143' title='bbox 290 2613 372 2703; x_wconf 79' lang='grc' dir='ltr'><em>Ζῆν’</em></span> <span class='ocrx_word' id='word_1_144' title='bbox 392 2621 424 2698; x_wconf 81' lang='grc' dir='ltr'><em>ἐς</em></span> <span class='ocrx_word' id='word_1_145' title='bbox 444 2613 547 2702; x_wconf 78' lang='grc' dir='ltr'><em>εὐνὴν</em></span> <span class='ocrx_word' id='word_1_146' title='bbox 567 2637 677 2706; x_wconf 85' lang='grc' dir='ltr'><em>ωσπερ</em></span> <span class='ocrx_word' id='word_1_147' title='bbox 695 2614 878 2706; x_wconf 76' lang='grc' dir='ltr'><em>ἄνθρωπον</em></span> <span class='ocrx_word' id='word_1_148' title='bbox 894 2627 1037 2709; x_wconf 79' lang='grc' dir='ltr'><em>μολεῖν.</em></span> 
     </span>
    </p>
   </div>
   <div class='ocr_carea' id='block_1_9' title="bbox 115 2730 1080 3062">
    <p class='ocr_par' dir='ltr' id='par_1_9' title="bbox 116 2730 1080 3062">
     <span class='ocr_line' id='line_1_25' title="bbox 182 2730 1079 2826; baseline 0.006 -39"><span class='ocrx_word' id='word_1_149' title='bbox 182 2730 303 2788; x_wconf 83' lang='lat' dir='ltr'><strong>Clemens</strong></span> <span class='ocrx_word' id='word_1_150' title='bbox 318 2731 392 2789; x_wconf 84' lang='lat' dir='ltr'><strong>Alex</strong></span> <span class='ocrx_word' id='word_1_151' title='bbox 409 2733 509 2825; x_wconf 70' lang='grc' dir='ltr'><em>δίκαια.</em></span> <span class='ocrx_word' id='word_1_152' title='bbox 524 2733 588 2826; x_wconf 89' lang='lat' dir='ltr'><em>Vp</em></span> <span class='ocrx_word' id='word_1_153' title='bbox 607 2733 666 2790; x_wconf 92' lang='grc'>715</span> <span class='ocrx_word' id='word_1_154' title='bbox 683 2750 724 2807; x_wconf 90' lang='lat' dir='ltr'><em>sq.</em></span> <span class='ocrx_word' id='word_1_155' title='bbox 745 2733 854 2804; x_wconf 85' lang='lat' dir='ltr'>(Euseb.</span> <span class='ocrx_word' id='word_1_156' title='bbox 871 2735 914 2790; x_wconf 86' lang='lat' dir='ltr'><em>Pr.</em></span> <span class='ocrx_word' id='word_1_157' title='bbox 930 2735 958 2791; x_wconf 90' lang='grc' dir='ltr'>Ε</span> <span class='ocrx_word' id='word_1_158' title='bbox 968 2753 1002 2826; x_wconf 89' lang='lat' dir='ltr'>p</span> <span class='ocrx_word' id='word_1_159' title='bbox 1019 2735 1079 2792; x_wconf 91' lang='grc'><em>679</em></span> 
     </span>
     <span class='ocr_line' id='line_1_26' title="bbox 116 2804 1080 2892; baseline 0.002 -21"><span class='ocrx_word' id='word_1_160' title='bbox 116 2815 161 2886; x_wconf 87' lang='lat' dir='ltr'><em>D):</em></span> <span class='ocrx_word' id='word_1_161' title='bbox 192 2805 303 2870; x_wconf 75' lang='grc' dir='ltr'><em>οὔκουν</em></span> <span class='ocrx_word' id='word_1_162' title='bbox 330 2809 373 2871; x_wconf 74' lang='grc' dir='ltr'><em>ἔτι</em></span> <span class='ocrx_word' id='word_1_163' title='bbox 398 2834 472 2871; x_wconf 91' lang='grc' dir='ltr'><em>κατα</em></span> <span class='ocrx_word' id='word_1_164' title='bbox 498 2804 553 2886; x_wconf 75' lang='grc' dir='ltr'><em>τὴν</em></span> <span class='ocrx_word' id='word_1_165' title='bbox 578 2814 697 2872; x_wconf 79' lang='grc' dir='ltr'><em>πολλῶν</em></span> <span class='ocrx_word' id='word_1_166' title='bbox 722 2807 810 2887; x_wconf 81' lang='grc' dir='ltr'><em>δόξαν</em></span> <span class='ocrx_word' id='word_1_167' title='bbox 834 2811 901 2892; x_wconf 78' lang='grc' dir='ltr'><em>περὶ</em></span> <span class='ocrx_word' id='word_1_168' title='bbox 928 2815 981 2873; x_wconf 81' lang='grc' dir='ltr'><em>τοῦ</em></span> <span class='ocrx_word' id='word_1_169' title='bbox 1005 2815 1080 2874; x_wconf 82' lang='grc' dir='ltr'><em>θεοῦ</em></span> 
     </span>
     <span class='ocr_line' id='line_1_27' title="bbox 116 2886 1080 2997; baseline 0.002 -43"><span class='ocrx_word' id='word_1_170' title='bbox 116 2894 215 2972; x_wconf 87' lang='grc' dir='ltr'><em>(θείου</em></span> <span class='ocrx_word' id='word_1_171' title='bbox 229 2897 338 2997; x_wconf 79' lang='lat' dir='ltr'>Epseb.)</span> <span class='ocrx_word' id='word_1_172' title='bbox 347 2890 506 2992; x_wconf 80' lang='grc' dir='ltr'><em>θπολιμττέ</em></span> <span class='ocrx_word' id='word_1_173' title='bbox 505 2915 549 2957; x_wconf 90' lang='grc' dir='ltr'><em>ον.</em></span> <span class='ocrx_word' id='word_1_174' title='bbox 574 2886 710 2958; x_wconf 66' lang='grc' dir='ltr'><em>*οὐδὲ</em></span> <span class='ocrx_word' id='word_1_175' title='bbox 675 2919 786 2977; x_wconf 89' lang='grc' dir='ltr'><em>γαρ-</em></span> <span class='ocrx_word' id='word_1_176' title='bbox 802 2900 932 2978; x_wconf 87' lang='grc' dir='ltr'><em>μολεῖν’,</em></span> <span class='ocrx_word' id='word_1_177' title='bbox 944 2888 1080 2977; x_wconf 83' lang='grc' dir='ltr'><em>Ἀμφίων</em></span> 
     </span>
     <span class='ocr_line' id='line_1_28' title="bbox 115 2971 407 3062; baseline -0.004 -21.928"><span class='ocrx_word' id='word_1_178' title='bbox 115 2979 192 3062; x_wconf 79' lang='grc' dir='ltr'><em>λέγει</em></span> <span class='ocrx_word' id='word_1_179' title='bbox 208 3001 244 3062; x_wconf 78' lang='grc' dir='ltr'><em>τῃ</em></span> <span class='ocrx_word' id='word_1_180' title='bbox 233 2971 407 3062; x_wconf 76' lang='grc' dir='ltr'><em>Ἀντιόπῃ.</em></span> 
     </span>
    </p>
   </div>
   <div class='ocr_carea' id='block_1_10' title="bbox 565 3147 628 3212">
    <p class='ocr_par' dir='ltr' id='par_1_10' title="bbox 565 3147 628 3212">
     <span class='ocr_line' id='line_1_29' title="bbox 565 3147 628 3212; baseline 0 -1"><span class='ocrx_word' id='word_1_181' title='bbox 565 3147 628 3212; x_wconf 89' lang='grc'>210</span> 
     </span>
    </p>
   </div>
   <div class='ocr_carea' id='block_1_11' title="bbox 179 3253 1033 3550">
    <p class='ocr_par' dir='ltr' id='par_1_11' title="bbox 179 3253 1033 3550">
     <span class='ocr_line' id='line_1_30' title="bbox 217 3253 938 3346; baseline -0.001 -21"><span class='ocrx_word' id='word_1_182' title='bbox 217 3261 284 3345; x_wconf 80' lang='grc' dir='ltr'><em>φεῦ</em></span> <span class='ocrx_word' id='word_1_183' title='bbox 302 3261 379 3344; x_wconf 80' lang='grc' dir='ltr'><em>φεῦ,</em></span> <span class='ocrx_word' id='word_1_184' title='bbox 397 3261 557 3345; x_wconf 83' lang='grc' dir='ltr'><em>βροτείων</em></span> <span class='ocrx_word' id='word_1_185' title='bbox 575 3253 733 3344; x_wconf 73' lang='grc' dir='ltr'><em>πημάτων</em></span> <span class='ocrx_word' id='word_1_186' title='bbox 751 3253 825 3326; x_wconf 86' lang='grc' dir='ltr'><em>ὅσαι</em></span> <span class='ocrx_word' id='word_1_187' title='bbox 843 3253 938 3346; x_wconf 83' lang='grc' dir='ltr'><em>τύχαι</em></span> 
     </span>
     <span class='ocr_line' id='line_1_31' title="bbox 217 3353 992 3448; baseline 0.003 -23"><span class='ocrx_word' id='word_1_188' title='bbox 217 3353 292 3426; x_wconf 77' lang='grc' dir='ltr'><em>ὅσαι</em></span> <span class='ocrx_word' id='word_1_189' title='bbox 310 3383 345 3425; x_wconf 85' lang='grc' dir='ltr'><em>τε</em></span> <span class='ocrx_word' id='word_1_190' title='bbox 362 3366 503 3447; x_wconf 85' lang='grc' dir='ltr'><em>μορφαί·</em></span> <span class='ocrx_word' id='word_1_191' title='bbox 522 3359 623 3448; x_wconf 80' lang='grc' dir='ltr'><em>τέρμα</em></span> <span class='ocrx_word' id='word_1_192' title='bbox 643 3355 670 3426; x_wconf 76' lang='grc' dir='ltr'><em>δ’</em></span> <span class='ocrx_word' id='word_1_193' title='bbox 692 3355 753 3428; x_wconf 80' lang='grc' dir='ltr'><em>οὐκ</em></span> <span class='ocrx_word' id='word_1_194' title='bbox 772 3368 857 3428; x_wconf 85' lang='grc' dir='ltr'><em>είποι</em></span> <span class='ocrx_word' id='word_1_195' title='bbox 875 3386 923 3438; x_wconf 82' lang='grc' dir='ltr'><em>τις</em></span> <span class='ocrx_word' id='word_1_196' title='bbox 940 3354 992 3427; x_wconf 76' lang='grc' dir='ltr'><em>ἄν.</em></span> 
     </span>
     <span class='ocr_line' id='line_1_32' title="bbox 179 3471 1033 3550; baseline 0.005 -22"><span class='ocrx_word' id='word_1_197' title='bbox 179 3471 255 3529; x_wconf 75' lang='lat' dir='ltr'>Stob.</span> <span class='ocrx_word' id='word_1_198' title='bbox 271 3472 344 3530; x_wconf 82' lang='lat' dir='ltr'>Flor.</span> <span class='ocrx_word' id='word_1_199' title='bbox 361 3473 411 3549; x_wconf 91' lang='grc'><em>98,</em></span> <span class='ocrx_word' id='word_1_200' title='bbox 427 3473 467 3531; x_wconf 89' lang='grc'><em>34</em></span> <span class='ocrx_word' id='word_1_201' title='bbox 484 3484 511 3533; x_wconf 82' lang='grc' dir='ltr'><em>οι</em></span> <span class='ocrx_word' id='word_1_202' title='bbox 526 3474 647 3534; x_wconf 81' lang='lat' dir='ltr'><strong>Clemens</strong></span> <span class='ocrx_word' id='word_1_203' title='bbox 662 3475 738 3532; x_wconf 79' lang='lat' dir='ltr'>Alex.</span> <span class='ocrx_word' id='word_1_204' title='bbox 754 3474 900 3532; x_wconf 73' lang='lat' dir='ltr'>Strom.111</span> <span class='ocrx_word' id='word_1_205' title='bbox 915 3490 943 3550; x_wconf 88' lang='lat' dir='ltr'><em>p.</em></span> <span class='ocrx_word' id='word_1_206' title='bbox 960 3473 1033 3532; x_wconf 90' lang='grc'>521.</span> 
     </span>
    </p>
   </div>
   <div class='ocr_carea' id='block_1_12' title="bbox 0 0 1208 3862">
    <p class='ocr_par' dir='ltr' id='par_1_12' title="bbox 0 0 1208 3862">
     <span class='ocr_line' id='line_1_33' title="bbox 0 0 1208 3862; baseline 0 3"><span class='ocrx_word' id='word_1_207' title='bbox 0 0 1208 3862; x_wconf 95' lang='lat' dir='ltr'><em> </em></span> 
     </span>
    </p>
   </div>
  </div>
 </body>
</html>
