2408 3862
505 230 707 285 ΕΡΕΧΘΕΤΣ

570 396 647 462 368⁸

223 499 437 576 τούνθὲνδΗ
417 531 463 574 απ
466 511 564 594 ίχθνς
582 503 772 595 βαρβάρους
790 511 896 576 οἰκεῖν
914 506 1003 576 δοκοῖ

184 621 261 681 Enst.
284 623 333 680 Οδ.
354 640 382 696 p.
408 621 505 695 1720,
527 623 581 679 26:
603 615 635 676 ἓν
656 617 755 694 μέντοι
776 640 816 702 τῳ
838 614 905 697 περὶ
926 608 1087 719 ὀνομασίας

119 696 250 780 ἡλικιῶν
269 702 323 762 τοῦ
309 703 542 800 γραμματικοῦ
565 679 806 782 Ἀριστοφάνους
821 700 940 782 φέρεται
961 693 1047 764 ὅσι’
1029 721 1085 762 απ·
1183 740 1187 748 1

120 788 228 892 ίχθυες
242 782 318 846 κατά
333 808 417 859 τινας
432 779 510 845 οἱ
475 809 516 864 μη
531 784 681 858 ἐσθίοντες
696 786 795 863 ἰχθῦς,
811 785 861 846 κοιλ
877 785 961 902 φέρει
975 785 1087 859 ἔκεινος

119 869 172 930 καὶ
190 861 423 948 Ἀριστοφάνους
444 871 549 949 χρῆσιν
564 867 593 944 ἐξ
608 866 771 950 Ἐρεχθέως
791 864 902 947 ταύτην
924 865 1086 932 τούνθέν-

121 955 233 1015 δεν-
257 954 359 1015 δοκῶῆ
399 959 536 1042 Euripidis
562 976 623 1016 esse
648 960 782 1032 iambum,
804 976 859 1016 non
883 960 1086 1057 Aristophanis,

119 1045 260 1100 verissime
281 1044 408 1101 iudicavit
429 1035 591 1101 Dindorfius.
621 1044 780 1100 Eustnthius
800 1052 832 1099 ut
855 1031 1086 1118 Ἀριστοφάνους

120 1124 226 1201 χρῆσιν
241 1144 292 1202 pro
308 1118 476 1197 Εὐριπίδου
497 1125 602 1201 χρῆσιν
624 1128 757 1184 scriberet
771 1128 921 1184 effecerunt
936 1130 1017 1185 verba
1031 1124 1086 1182 τοῦ

120 1227 326 1287 γραμματικου
314 1202 580 1284 Ἀριστοφάνους.
611 1222 732 1269 ceterum
746 1198 931 1268 τοδνθίνδεν
944 1212 1021 1270 Eust.

561 1374 640 1439 368¹)

577 1485 613 1552 ἐν
631 1479 789 1577 άστρεότςο
808 1485 899 1577 πέδῳ

223 1580 372 1670 εὕδουσι,
391 1596 511 1670 πηγαῖς
530 1579 618 1651 δ”
580 1611 641 1673 ουχ
658 1582 878 1671 δγραίνουσιν
895 1582 1009 1665 πόδας.

184 1700 308 1756 Clemens
330 1700 402 1755 Alex.
424 1698 525 1756 Strom.
547 1699 628 1793 le.
651 1701 723 1759 739.
753 1719 791 1755 vs
814 1700 889 1758 nef.
911 1700 987 1758 Eust.
1004 1702 1032 1758 il.
1054 1720 1083 1776 p.

122 1783 220 1856 1058,
235 1783 304 1840 4de
319 1783 413 1840 Sellis:
429 1771 511 1838 δκαι
503 1776 558 1839 ἐν
573 1781 615 1884 τῷ
630 1800 683 1838 του
670 1774 867 1887 Εηλριπίδου
883 1777 1023 1859 Ἐρεχθεῖ
1036 1780 1085 1859 δη·

121 1866 225 1925 λοῦται
241 1858 408 1934 εἰπόντος’
390 1884 437 1922 οτι
452 1868 560 1943 πηγαῖς
576 1858 629 1942 οὐχ
644 1859 841 1942 δγραίνονσιν
855 1860 957 1938 πόδας,

575 2012 638 2077 369

224 2127 351 2209 μίασμα
368 2119 470 2210 δρυός

183 2237 313 2295 Proverh.
328 2239 443 2338 append.
461 2237 496 2310 3,
512 2238 567 2295 97:
589 2232 699 2310 μίασμα
723 2230 825 2314 δρυός
845 2255 904 2311 παρ
908 2224 1086 2338 Ἐὐριπίδη

120 2313 153 2376 ἐν
174 2311 311 2396 Ἐρεχθει
328 2315 532 2394 αἰνιττόμενον
552 2313 584 2376 τὸ
609 2317 749 2396 Θηβαίων
769 2315 968 2396 παρανόμημα
987 2317 1080 2389 εἰς
1049 2340 1082 2379 το

120 2399 153 2460 ἐν
134 2399 315 2501 νΔωδολνη
319 2406 529 2499 μαντεῖον·-
546 2420 587 2480 ησ
589 2397 745 2480 ἔβησαν
711 2423 766 2482 γαρ
783 2399 869 2474 είς
837 2422 893 2480 την
909 2400 936 2463 δέ
936 2424 1019 2479 ρειαν
1034 2399 1083 2480 ίμ-

119 2479 258 2566 βαλόντες
279 2474 374 2562 αὐτην
390 2481 478 2560 εἰς
451 2506 501 2545 τον
517 2483 550 2545 ἐν
565 2481 703 2570 Δωδάνη
724 2484 830 2564 λέβητα
845 2485 963 2565 ζέοντα,
986 2485 1085 2566 ἔρωτι·

120 2593 181 2642 κως
197 2570 385 2630 διατεθεῖσαν
400 2568 473 2640 siff
456 2592 509 2631 ενα
523 2576 583 2631 τῶν
596 2574 729 2649 θεωρῶν.

574 2722 637 2785 370
697 2692 700 2699 ’

221 2834 348 2898 κείσθω
367 2826 451 2916 δόρυ
467 2856 523 2916 μοι
540 2835 636 2916 μίτον
653 2824 874 2919 ἀμφιπλέκειν
891 2825 1059 2919 ἀράχναις,

221 2925 302 3016 μετά
321 2926 349 2997 δ
369 2923 508 3018 ἡσυχίας
526 2936 628 3022 πολιῷ
646 2929 732 3023 γήρᾳ
750 2939 957 3018 σννοικοίην·

221 3024 364 3117 άείδοιμι
382 3030 420 3098 δὲ
438 3029 613 3118 στεφάνοις
631 3029 717 3118 κάρα
734 3029 851 3102 πολιόν
868 3030 1084 3117 στεφανάσας

227 3137 388 3220 Θρηίκιον
401 3133 525 3200 πέλταν
541 3128 623 3219 πρὸς
637 3129 782 3210 Ἀθάνας

225 3239 412 3319 περικίοσιν
429 3227 638 3322 άγκρεμάσας
655 3230 819 3319 θαλάμοις
1068 3251 1085 3300 ο

222 3334 347 3402 δέλτων
364 3331 388 3401 τ’
408 3328 649 3421 άναπτάσσοιμι
665 3335 775 3420 γηρνν

221 3427 264 3502 άν
282 3435 389 3521 σοφοί
398 3439 558 3504 κλέονται.

185 3548 262 3608 Stob.
278 3549 351 3608 Flor.
369 3550 425 3623 55,
440 3549 471 3610 4.
502 3568 541 3608 vs.
559 3552 575 3609 1
600 3552 681 3610 afferi
692 3551 771 3612 Piri.
785 3549 952 3611 iimiin'ine
966 3548 1031 3605 este
1045 3560 1112 3612 „re-
